
    <marc:record>
        <marc:leader>02411cam a2200385 a 4500</marc:leader>
        <marc:controlfield tag="001">17650692</marc:controlfield>
        <marc:controlfield tag="005">20170504120735.0</marc:controlfield>
        <marc:controlfield tag="008">130307s2009    waua          000 0 eng d</marc:controlfield>
        <marc:datafield tag="010" ind1=" " ind2=" ">
            <marc:subfield code="a">  2012289765</marc:subfield>
        </marc:datafield>
        <marc:datafield tag="020" ind1=" " ind2=" ">
            <marc:subfield code="a">1606993054 (pbk.)</marc:subfield>
        </marc:datafield>
        <marc:datafield tag="020" ind1=" " ind2=" ">
            <marc:subfield code="a">1606993062 (hardcover)</marc:subfield>
        </marc:datafield>
        <marc:datafield tag="020" ind1=" " ind2=" ">
            <marc:subfield code="a">9781606993057 (pbk.)</marc:subfield>
        </marc:datafield>
        <marc:datafield tag="020" ind1=" " ind2=" ">
            <marc:subfield code="a">9781606993064 (hardcover)</marc:subfield>
        </marc:datafield>
        <marc:datafield tag="035" ind1=" " ind2=" ">
            <marc:subfield code="a">(OCoLC)ocn317919441</marc:subfield>
        </marc:datafield>
        <marc:datafield tag="040" ind1=" " ind2=" ">
            <marc:subfield code="a">BTCTA</marc:subfield>
            <marc:subfield code="c">BTCTA</marc:subfield>
            <marc:subfield code="d">YDXCP</marc:subfield>
            <marc:subfield code="d">SVP</marc:subfield>
            <marc:subfield code="d">CUS</marc:subfield>
            <marc:subfield code="d">ON8</marc:subfield>
            <marc:subfield code="d">BDX</marc:subfield>
            <marc:subfield code="d">OCLCA</marc:subfield>
            <marc:subfield code="d">DLC</marc:subfield>
        </marc:datafield>
        <marc:datafield tag="042" ind1=" " ind2=" ">
            <marc:subfield code="a">lccopycat</marc:subfield>
        </marc:datafield>
        <marc:datafield tag="043" ind1=" " ind2=" ">
            <marc:subfield code="a">n-us---</marc:subfield>
        </marc:datafield>
        <marc:datafield tag="050" ind1="0" ind2="0">
            <marc:subfield code="a">PN6728.P7</marc:subfield>
            <marc:subfield code="b">D44 2009</marc:subfield>
        </marc:datafield>
        <marc:datafield tag="082" ind1="0" ind2="0">
            <marc:subfield code="a">741.5/6973</marc:subfield>
            <marc:subfield code="2">23</marc:subfield>
        </marc:datafield>
        <marc:datafield tag="245" ind1="0" ind2="4">
            <marc:subfield code="a">The definitive Prince Valiant companion /</marc:subfield>
            <marc:subfield code="c">compiled &amp; designed by Brian M. Kane ; text by Ray Bradbury ... [et. al.].</marc:subfield>
        </marc:datafield>
        <marc:datafield tag="250" ind1=" " ind2=" ">
            <marc:subfield code="a">Revised ed. ; 1st ed.</marc:subfield>
        </marc:datafield>
        <marc:datafield tag="260" ind1=" " ind2=" ">
            <marc:subfield code="a">Seattle, WA :</marc:subfield>
            <marc:subfield code="b">Fantagraphics Books,</marc:subfield>
            <marc:subfield code="c">2009.</marc:subfield>
        </marc:datafield>
        <marc:datafield tag="300" ind1=" " ind2=" ">
            <marc:subfield code="a">159 p. :</marc:subfield>
            <marc:subfield code="b">ill (some col.) ;</marc:subfield>
            <marc:subfield code="c">28 cm.</marc:subfield>
        </marc:datafield>
        <marc:datafield tag="505" ind1="2" ind2="0">
            <marc:subfield code="t">Introduction /</marc:subfield>
            <marc:subfield code="r">by Ray Bradbury --</marc:subfield>
            <marc:subfield code="t">Foreword /</marc:subfield>
            <marc:subfield code="r">by Brian Walker --</marc:subfield>
            <marc:subfield code="t">Introduction to the first edition /</marc:subfield>
            <marc:subfield code="r">by Todd Goldberg --</marc:subfield>
            <marc:subfield code="g">A</marc:subfield>
            <marc:subfield code="t">Prince Valient story index --</marc:subfield>
            <marc:subfield code="g">A</marc:subfield>
            <marc:subfield code="t">Prince Valient color gallery --</marc:subfield>
            <marc:subfield code="t">Of Mead, Whiskey. amd Brandywine : the artistic bloodline of Prince Valiant --</marc:subfield>
            <marc:subfield code="g">The</marc:subfield>
            <marc:subfield code="t">man who draws Prince Valiant : originally presented in Everyday magazine in the St. Louis dispatch, February 6, 1949 --</marc:subfield>
            <marc:subfield code="t">Hal Foster : drawing upon history : originally presented in The comics journal #102, September 1985 --</marc:subfield>
            <marc:subfield code="t">Hal Foster's introduction into the Society of Illustrators Hall of Fame --</marc:subfield>
            <marc:subfield code="t">From prizefighters to princes : the classic art of John Cullen Murphy : originally presented in The comics journal #253, June 2003 --</marc:subfield>
            <marc:subfield code="t">John Cullen Murphy : goodnight fair prince : originally presented in The comics journal #264, Nov/Dec. 2004 --</marc:subfield>
            <marc:subfield code="t">Franke Bolle : the ghost of Camelot --</marc:subfield>
            <marc:subfield code="t">Gary Gianni &amp; Mark Schultz : the adventures continue --</marc:subfield>
            <marc:subfield code="g">The</marc:subfield>
            <marc:subfield code="t">Friends of Hal Foster Society.</marc:subfield>
        </marc:datafield>
        <marc:datafield tag="600" ind1="1" ind2="0">
            <marc:subfield code="a">Foster, Harold R.</marc:subfield>
            <marc:subfield code="q">(Harold Rudolf),</marc:subfield>
            <marc:subfield code="d">1892-1982.</marc:subfield>
        </marc:datafield>
        <marc:datafield tag="630" ind1="0" ind2="0">
            <marc:subfield code="a">Prince Valiant (Comic strip)</marc:subfield>
        </marc:datafield>
        <marc:datafield tag="650" ind1=" " ind2="0">
            <marc:subfield code="a">Arthurian romances</marc:subfield>
            <marc:subfield code="v">Comic books, strips, etc.</marc:subfield>
        </marc:datafield>
        <marc:datafield tag="650" ind1=" " ind2="0">
            <marc:subfield code="a">Cartoonists</marc:subfield>
            <marc:subfield code="z">United States.</marc:subfield>
        </marc:datafield>
        <marc:datafield tag="700" ind1="1" ind2=" ">
            <marc:subfield code="a">Bradbury, Ray,</marc:subfield>
            <marc:subfield code="d">1920-2012.</marc:subfield>
        </marc:datafield>
        <marc:datafield tag="700" ind1="1" ind2=" ">
            <marc:subfield code="a">Foster, Harold R.</marc:subfield>
            <marc:subfield code="q">(Harold Rudolf),</marc:subfield>
            <marc:subfield code="d">1892-1982.</marc:subfield>
        </marc:datafield>
        <marc:datafield tag="700" ind1="1" ind2=" ">
            <marc:subfield code="a">Kane, Brian M.</marc:subfield>
        </marc:datafield>
        <marc:datafield tag="906" ind1=" " ind2=" ">
            <marc:subfield code="a">7</marc:subfield>
            <marc:subfield code="b">cbc</marc:subfield>
            <marc:subfield code="c">copycat</marc:subfield>
            <marc:subfield code="d">2</marc:subfield>
            <marc:subfield code="e">ncip</marc:subfield>
            <marc:subfield code="f">20</marc:subfield>
            <marc:subfield code="g">y-gencatlg</marc:subfield>
        </marc:datafield>
        <marc:datafield tag="925" ind1="0" ind2=" ">
            <marc:subfield code="a">acquire</marc:subfield>
            <marc:subfield code="b">1 shelf copy</marc:subfield>
            <marc:subfield code="x">policy default</marc:subfield>
        </marc:datafield>
        <marc:datafield tag="925" ind1="1" ind2=" ">
            <marc:subfield code="a">acquire</marc:subfield>
            <marc:subfield code="b">2 shelf copies</marc:subfield>
            <marc:subfield code="x">policy default</marc:subfield>
        </marc:datafield>
        <marc:datafield tag="955" ind1=" " ind2=" ">
            <marc:subfield code="b">xe05 2013-03-07 z-processor to USGEN</marc:subfield>
            <marc:subfield code="i">xk14 2014-01-17 to CALM (2 hardcover copies)</marc:subfield>
        </marc:datafield>
    </marc:record>