
    <marc:record>
        <marc:leader>03949cgm a22007337i 4500</marc:leader>
        <marc:controlfield tag="001">20815580</marc:controlfield>
        <marc:controlfield tag="005">20210122073610.0</marc:controlfield>
        <marc:controlfield tag="007">vd cvaizm</marc:controlfield>
        <marc:controlfield tag="008">190118t20162016xxu070            maeng  </marc:controlfield>
        <marc:datafield tag="010" ind1=" " ind2=" ">
            <marc:subfield code="a">  2019600466</marc:subfield>
        </marc:datafield>
        <marc:datafield tag="024" ind1="1" ind2=" ">
            <marc:subfield code="a">883929535378</marc:subfield>
        </marc:datafield>
        <marc:datafield tag="028" ind1="4" ind2="2">
            <marc:subfield code="a">3000068358</marc:subfield>
            <marc:subfield code="b">Warner Home Video</marc:subfield>
        </marc:datafield>
        <marc:datafield tag="035" ind1=" " ind2=" ">
            <marc:subfield code="a">(OCoLC)958162174</marc:subfield>
        </marc:datafield>
        <marc:datafield tag="040" ind1=" " ind2=" ">
            <marc:subfield code="a">DLC</marc:subfield>
            <marc:subfield code="b">eng</marc:subfield>
            <marc:subfield code="e">rda</marc:subfield>
            <marc:subfield code="c">DLC</marc:subfield>
        </marc:datafield>
        <marc:datafield tag="046" ind1=" " ind2=" ">
            <marc:subfield code="k">1993</marc:subfield>
        </marc:datafield>
        <marc:datafield tag="050" ind1="0" ind2="0">
            <marc:subfield code="a">DVE 2707 (viewing copy)</marc:subfield>
        </marc:datafield>
        <marc:datafield tag="245" ind1="0" ind2="4">
            <marc:subfield code="a">The Halloween tree /</marc:subfield>
            <marc:subfield code="c">Hanna-Barbera Cartoons, Inc. presents ; written and narrated by Ray Bradbury ; produced and directed by Mario Piluso.</marc:subfield>
        </marc:datafield>
        <marc:datafield tag="250" ind1=" " ind2=" ">
            <marc:subfield code="a">Standard version.</marc:subfield>
        </marc:datafield>
        <marc:datafield tag="257" ind1=" " ind2=" ">
            <marc:subfield code="a">United States</marc:subfield>
            <marc:subfield code="2">naf</marc:subfield>
        </marc:datafield>
        <marc:datafield tag="264" ind1=" " ind2="2">
            <marc:subfield code="a">Burbank, CA :</marc:subfield>
            <marc:subfield code="b">Distributed by Warner Home Video,</marc:subfield>
            <marc:subfield code="c">[2016]</marc:subfield>
        </marc:datafield>
        <marc:datafield tag="264" ind1=" " ind2="4">
            <marc:subfield code="c">2016</marc:subfield>
        </marc:datafield>
        <marc:datafield tag="300" ind1=" " ind2=" ">
            <marc:subfield code="3">viewing copy</marc:subfield>
            <marc:subfield code="a">1 videodisc (approximately 70 min.) :</marc:subfield>
            <marc:subfield code="b">sound, color ;</marc:subfield>
            <marc:subfield code="c">4 3/4 in.</marc:subfield>
        </marc:datafield>
        <marc:datafield tag="336" ind1=" " ind2=" ">
            <marc:subfield code="a">two-dimensional moving image</marc:subfield>
            <marc:subfield code="b">tdi</marc:subfield>
            <marc:subfield code="2">rdacontent</marc:subfield>
        </marc:datafield>
        <marc:datafield tag="337" ind1=" " ind2=" ">
            <marc:subfield code="a">video</marc:subfield>
            <marc:subfield code="b">v</marc:subfield>
            <marc:subfield code="2">rdamedia</marc:subfield>
        </marc:datafield>
        <marc:datafield tag="338" ind1=" " ind2=" ">
            <marc:subfield code="a">videodisc</marc:subfield>
            <marc:subfield code="b">vd</marc:subfield>
            <marc:subfield code="2">rdacarrier</marc:subfield>
        </marc:datafield>
        <marc:datafield tag="340" ind1=" " ind2=" ">
            <marc:subfield code="b">4 3/4 in.</marc:subfield>
            <marc:subfield code="2">rda</marc:subfield>
        </marc:datafield>
        <marc:datafield tag="344" ind1=" " ind2=" ">
            <marc:subfield code="a">digital</marc:subfield>
            <marc:subfield code="b">optical</marc:subfield>
            <marc:subfield code="g">mono</marc:subfield>
            <marc:subfield code="h">Dolby</marc:subfield>
            <marc:subfield code="2">rda</marc:subfield>
        </marc:datafield>
        <marc:datafield tag="346" ind1=" " ind2=" ">
            <marc:subfield code="b">NTSC</marc:subfield>
            <marc:subfield code="2">rda</marc:subfield>
        </marc:datafield>
        <marc:datafield tag="347" ind1=" " ind2=" ">
            <marc:subfield code="a">video file</marc:subfield>
            <marc:subfield code="e">region 1</marc:subfield>
            <marc:subfield code="2">rda</marc:subfield>
        </marc:datafield>
        <marc:datafield tag="347" ind1=" " ind2=" ">
            <marc:subfield code="b">DVD video</marc:subfield>
        </marc:datafield>
        <marc:datafield tag="380" ind1=" " ind2=" ">
            <marc:subfield code="a">Television program</marc:subfield>
        </marc:datafield>
        <marc:datafield tag="500" ind1=" " ind2=" ">
            <marc:subfield code="a">&quot;Standard version presented in a format preserving the aspect ratio of its original television exhibition&quot;--Container.</marc:subfield>
        </marc:datafield>
        <marc:datafield tag="500" ind1=" " ind2=" ">
            <marc:subfield code="a">Based on the work by Ray Bradbury.</marc:subfield>
        </marc:datafield>
        <marc:datafield tag="500" ind1=" " ind2=" ">
            <marc:subfield code="a">Originally broadcast on television by ABC in 1993.</marc:subfield>
        </marc:datafield>
        <marc:datafield tag="500" ind1=" " ind2=" ">
            <marc:subfield code="a">Sources used: videodisc container; Copyright catalog online; Amazon WWW site, viewed January 18, 2019; Internet movie database WWW site, viewed January 18, 2019; Wikipedia WWW site, viewed January 18, 2019.</marc:subfield>
        </marc:datafield>
        <marc:datafield tag="500" ind1=" " ind2=" ">
            <marc:subfield code="a">Title from container.</marc:subfield>
        </marc:datafield>
        <marc:datafield tag="508" ind1=" " ind2=" ">
            <marc:subfield code="a">Music by John Debney ; art director, Al Gmuer ; editor, Gil Iverson ; executive producer, David Kirschner ; co-executive producer, Mark Young.</marc:subfield>
        </marc:datafield>
        <marc:datafield tag="511" ind1="0" ind2=" ">
            <marc:subfield code="a">Narrator: Ray Bradbury.</marc:subfield>
        </marc:datafield>
        <marc:datafield tag="511" ind1="0" ind2=" ">
            <marc:subfield code="a">Voices: Leonard Nimoy as Moundshroud, Annie Barker, Alex Greenwald, Edan Gross, Andrew Keegan, Kevin Michaels, Darleen Carr, Lindsay Crouse, Mark Taylor.</marc:subfield>
        </marc:datafield>
        <marc:datafield tag="520" ind1=" " ind2=" ">
            <marc:subfield code="a">Sit on the edge of your seat and enjoy master storyteller Ray Bradbury's classic adventure of four youths who try to save the spirit of their friend Pip from the ghosts of Halloweens past. The four encounter a mysterious character, Moundshroud, who takes them on a magical journey that sweeps them back as far as 4,000 years and touches down in exotic places all over the world like Egypt, England, France and Mexico. Along the way they discover the magic and meaning of Halloween, and friendship.</marc:subfield>
        </marc:datafield>
        <marc:datafield tag="650" ind1=" " ind2="0">
            <marc:subfield code="a">Halloween</marc:subfield>
            <marc:subfield code="v">Juvenile drama.</marc:subfield>
        </marc:datafield>
        <marc:datafield tag="655" ind1=" " ind2="7">
            <marc:subfield code="a">Animated television programs.</marc:subfield>
            <marc:subfield code="2">lcgft</marc:subfield>
        </marc:datafield>
        <marc:datafield tag="655" ind1=" " ind2="7">
            <marc:subfield code="a">Children's television programs.</marc:subfield>
            <marc:subfield code="2">lcgft</marc:subfield>
        </marc:datafield>
        <marc:datafield tag="655" ind1=" " ind2="7">
            <marc:subfield code="a">Fiction television programs.</marc:subfield>
            <marc:subfield code="2">lcgft</marc:subfield>
        </marc:datafield>
        <marc:datafield tag="655" ind1=" " ind2="7">
            <marc:subfield code="a">Made-for-TV movies.</marc:subfield>
            <marc:subfield code="2">lcgft</marc:subfield>
        </marc:datafield>
        <marc:datafield tag="700" ind1="1" ind2=" ">
            <marc:subfield code="a">Bradbury, Ray,</marc:subfield>
            <marc:subfield code="d">1920-2012,</marc:subfield>
            <marc:subfield code="e">screenwriter,</marc:subfield>
            <marc:subfield code="e">narrator.</marc:subfield>
        </marc:datafield>
        <marc:datafield tag="700" ind1="1" ind2=" ">
            <marc:subfield code="a">Carr, Darleen,</marc:subfield>
            <marc:subfield code="e">voice actor.</marc:subfield>
        </marc:datafield>
        <marc:datafield tag="700" ind1="1" ind2=" ">
            <marc:subfield code="a">Crouse, Lindsay,</marc:subfield>
            <marc:subfield code="e">voice actor.</marc:subfield>
        </marc:datafield>
        <marc:datafield tag="700" ind1="1" ind2=" ">
            <marc:subfield code="a">Debney, John,</marc:subfield>
            <marc:subfield code="e">composer (expression)</marc:subfield>
        </marc:datafield>
        <marc:datafield tag="700" ind1="1" ind2=" ">
            <marc:subfield code="a">Greenwald, Alex,</marc:subfield>
            <marc:subfield code="d">1979-</marc:subfield>
            <marc:subfield code="e">voice actor.</marc:subfield>
        </marc:datafield>
        <marc:datafield tag="700" ind1="1" ind2=" ">
            <marc:subfield code="a">Gross, Edan,</marc:subfield>
            <marc:subfield code="d">1978-</marc:subfield>
            <marc:subfield code="e">voice actor.</marc:subfield>
        </marc:datafield>
        <marc:datafield tag="700" ind1="1" ind2=" ">
            <marc:subfield code="a">Keegan, Andrew,</marc:subfield>
            <marc:subfield code="d">1979-</marc:subfield>
            <marc:subfield code="e">voice actor.</marc:subfield>
        </marc:datafield>
        <marc:datafield tag="700" ind1="1" ind2=" ">
            <marc:subfield code="a">Kirschner, David,</marc:subfield>
            <marc:subfield code="d">1955-</marc:subfield>
            <marc:subfield code="e">television producer.</marc:subfield>
        </marc:datafield>
        <marc:datafield tag="700" ind1="1" ind2=" ">
            <marc:subfield code="a">Nimoy, Leonard,</marc:subfield>
            <marc:subfield code="e">voice actor.</marc:subfield>
        </marc:datafield>
        <marc:datafield tag="700" ind1="1" ind2=" ">
            <marc:subfield code="a">Piluso, Mario,</marc:subfield>
            <marc:subfield code="e">television director,</marc:subfield>
            <marc:subfield code="e">television producer.</marc:subfield>
        </marc:datafield>
        <marc:datafield tag="700" ind1="1" ind2=" ">
            <marc:subfield code="a">Smets, Kevin</marc:subfield>
            <marc:subfield code="q">(Kevin Michael),</marc:subfield>
            <marc:subfield code="d">1979-</marc:subfield>
            <marc:subfield code="e">voice actor.</marc:subfield>
        </marc:datafield>
        <marc:datafield tag="700" ind1="1" ind2=" ">
            <marc:subfield code="a">Taylor, Mark L.,</marc:subfield>
            <marc:subfield code="d">1950-</marc:subfield>
            <marc:subfield code="e">voice actor.</marc:subfield>
        </marc:datafield>
        <marc:datafield tag="700" ind1="1" ind2=" ">
            <marc:subfield code="a">Young, Mark</marc:subfield>
            <marc:subfield code="c">(Producer),</marc:subfield>
            <marc:subfield code="e">television producer.</marc:subfield>
        </marc:datafield>
        <marc:datafield tag="700" ind1="1" ind2=" ">
            <marc:subfield code="i">Television adaptation of (work):</marc:subfield>
            <marc:subfield code="a">Bradbury, Ray,</marc:subfield>
            <marc:subfield code="d">1920-2012.</marc:subfield>
            <marc:subfield code="t">Halloween tree.</marc:subfield>
        </marc:datafield>
        <marc:datafield tag="710" ind1="2" ind2=" ">
            <marc:subfield code="a">Copyright Collection (Library of Congress)</marc:subfield>
            <marc:subfield code="5">DLC</marc:subfield>
        </marc:datafield>
        <marc:datafield tag="710" ind1="2" ind2=" ">
            <marc:subfield code="a">Hanna-Barbera Cartoons,</marc:subfield>
            <marc:subfield code="e">presenter.</marc:subfield>
        </marc:datafield>
        <marc:datafield tag="710" ind1="2" ind2=" ">
            <marc:subfield code="a">Warner Home Video (Firm),</marc:subfield>
            <marc:subfield code="e">film distributor.</marc:subfield>
        </marc:datafield>
        <marc:datafield tag="906" ind1=" " ind2=" ">
            <marc:subfield code="a">7</marc:subfield>
            <marc:subfield code="b">cbc</marc:subfield>
            <marc:subfield code="c">origres</marc:subfield>
            <marc:subfield code="d">u</marc:subfield>
            <marc:subfield code="e">ncip</marc:subfield>
            <marc:subfield code="f">20</marc:subfield>
            <marc:subfield code="g">y-movingim</marc:subfield>
        </marc:datafield>
        <marc:datafield tag="955" ind1=" " ind2=" ">
            <marc:subfield code="a">qm19 2019-01-18 z-client</marc:subfield>
            <marc:subfield code="i">qm19 2019-01-18</marc:subfield>
            <marc:subfield code="a">vk37 2021-01-22 telework bfm</marc:subfield>
        </marc:datafield>
    </marc:record>