
    <marc:record>
        <marc:leader>03633cgm a22005177a 4500</marc:leader>
        <marc:controlfield tag="001">17239904</marc:controlfield>
        <marc:controlfield tag="005">20131216090130.0</marc:controlfield>
        <marc:controlfield tag="007">vd cvaiz|</marc:controlfield>
        <marc:controlfield tag="008">120403s2004    xxc000            mleng d</marc:controlfield>
        <marc:datafield tag="010" ind1=" " ind2=" ">
            <marc:subfield code="a">  2012601898</marc:subfield>
        </marc:datafield>
        <marc:datafield tag="024" ind1="1" ind2=" ">
            <marc:subfield code="a">096009232894</marc:subfield>
        </marc:datafield>
        <marc:datafield tag="024" ind1="1" ind2=" ">
            <marc:subfield code="a">096009576790</marc:subfield>
        </marc:datafield>
        <marc:datafield tag="035" ind1=" " ind2=" ">
            <marc:subfield code="a">(OCoLC)ocn315876000</marc:subfield>
        </marc:datafield>
        <marc:datafield tag="040" ind1=" " ind2=" ">
            <marc:subfield code="a">IBZ</marc:subfield>
            <marc:subfield code="b">eng</marc:subfield>
            <marc:subfield code="c">IBZ</marc:subfield>
            <marc:subfield code="d">RCS</marc:subfield>
            <marc:subfield code="d">TEF</marc:subfield>
            <marc:subfield code="d">TFW</marc:subfield>
            <marc:subfield code="d">BTCTA</marc:subfield>
            <marc:subfield code="d">OCLCA</marc:subfield>
            <marc:subfield code="d">OCLCQ</marc:subfield>
            <marc:subfield code="d">OCLCO</marc:subfield>
            <marc:subfield code="d">VOC</marc:subfield>
            <marc:subfield code="d">DLC</marc:subfield>
        </marc:datafield>
        <marc:datafield tag="042" ind1=" " ind2=" ">
            <marc:subfield code="a">lccopycat</marc:subfield>
        </marc:datafield>
        <marc:datafield tag="044" ind1=" " ind2=" ">
            <marc:subfield code="a">xxc</marc:subfield>
            <marc:subfield code="a">xxu</marc:subfield>
            <marc:subfield code="a">nz</marc:subfield>
            <marc:subfield code="a">fr</marc:subfield>
        </marc:datafield>
        <marc:datafield tag="050" ind1="0" ind2="0">
            <marc:subfield code="a">DVD 2717 (viewing copy)</marc:subfield>
        </marc:datafield>
        <marc:datafield tag="082" ind1="0" ind2="4">
            <marc:subfield code="a">791.45/75</marc:subfield>
            <marc:subfield code="2">22</marc:subfield>
        </marc:datafield>
        <marc:datafield tag="245" ind1="0" ind2="4">
            <marc:subfield code="a">The Ray Bradbury theater /</marc:subfield>
            <marc:subfield code="c">Alliance Atlantis.</marc:subfield>
        </marc:datafield>
        <marc:datafield tag="257" ind1=" " ind2=" ">
            <marc:subfield code="a">Canada ; United States ; New Zealand ; France.</marc:subfield>
        </marc:datafield>
        <marc:datafield tag="260" ind1=" " ind2=" ">
            <marc:subfield code="a">[Needham, MA] :</marc:subfield>
            <marc:subfield code="b">Echo Bridge Home Entertainment,</marc:subfield>
            <marc:subfield code="c">c2004.</marc:subfield>
        </marc:datafield>
        <marc:datafield tag="300" ind1=" " ind2=" ">
            <marc:subfield code="a">5 videodiscs (1571 min.) :</marc:subfield>
            <marc:subfield code="b">sd., col. ;</marc:subfield>
            <marc:subfield code="c">4 3/4 in.</marc:subfield>
            <marc:subfield code="3">viewing copy.</marc:subfield>
        </marc:datafield>
        <marc:datafield tag="500" ind1=" " ind2=" ">
            <marc:subfield code="a">&quot;65 classic episodes on 5 DVDs.&quot;</marc:subfield>
        </marc:datafield>
        <marc:datafield tag="500" ind1=" " ind2=" ">
            <marc:subfield code="a">The Ray Bradbury Theater was originally presented by Home Box Office Television for broadcast between 1985 and 1992.</marc:subfield>
        </marc:datafield>
        <marc:datafield tag="505" ind1="0" ind2=" ">
            <marc:subfield code="a">[v. 1.] Disc 22139: The crowd -- Marionettes, Inc. -- The playground -- The screaming woman -- The town where no one got off -- Banshee -- The coffin -- Gotcha! -- The emissary -- The man upstairs -- The small assassin -- On the Orient, north -- The fruit at the bottom of the bowl -- [v. 2.] disc 22149: The dwarf -- A miracle of rare device -- There was an old woman -- Punishment without crime -- Tyrannosaurus rex -- The lake -- Skeleton -- And so died Riabouchinska -- The haunting of the new -- To the Chicago abyss -- The pedestrian -- Boys! -- Raise giant mushrooms in your cellar -- The veldt -- [v. 3.] disc 23259: A sound of thunder -- The wonderful death of Dudley Stone -- Hail and farewell -- Here there be tygers -- Touched with fire -- The wind -- A touch of petulance -- The black ferris -- The long years -- Exorcism -- Mars is heaven -- The murderer -- Usher II -- [v.4.] disc 23269: The toynbee convector -- The day it rained forever -- And the moon be still as bright -- Colonel Stonesteel and the desparate empties -- The earthmen -- Zero hour -- The utterly perfect murder -- The happiness machine -- The concrete mixer -- Let's play poison -- The dead man -- The Martian -- The jar -- [v.5.] disc 23279: The lonely one -- The long rain -- The anthem sprinters -- Fee fie foe fum -- Downwind from Gettysburg -- By the numbers -- The tombstone -- Tomorrow's child -- Silent towns -- Some live like Lazarus -- Sun and shadow -- Great wide world over there -- The handler.</marc:subfield>
        </marc:datafield>
        <marc:datafield tag="511" ind1="1" ind2=" ">
            <marc:subfield code="a">Drew Barrymore, Jeff Goldblum, William Shatner, Peter O'Toole, Sally Kellerman, Eugene Levy, Shelley Duval, Elliot Gould, Ray Sharkey.</marc:subfield>
        </marc:datafield>
        <marc:datafield tag="520" ind1=" " ind2=" ">
            <marc:subfield code="a">&quot;A Canadian-produced fantastic anthology series scripted by famed science-fiction author Ray Bradbury&quot;--Internet movie database WWW site, August 20, 2012.</marc:subfield>
        </marc:datafield>
        <marc:datafield tag="538" ind1=" " ind2=" ">
            <marc:subfield code="a">DVD; region 1; NTSC; aspect ratio 1.33:1.</marc:subfield>
        </marc:datafield>
        <marc:datafield tag="655" ind1=" " ind2="7">
            <marc:subfield code="a">Anthology television programs.</marc:subfield>
            <marc:subfield code="2">lcgft</marc:subfield>
        </marc:datafield>
        <marc:datafield tag="655" ind1=" " ind2="7">
            <marc:subfield code="a">Fiction television programs.</marc:subfield>
            <marc:subfield code="2">lcgft</marc:subfield>
        </marc:datafield>
        <marc:datafield tag="655" ind1=" " ind2="7">
            <marc:subfield code="a">Science fiction television programs.</marc:subfield>
            <marc:subfield code="2">lcgft</marc:subfield>
        </marc:datafield>
        <marc:datafield tag="700" ind1="1" ind2=" ">
            <marc:subfield code="a">Barrymore, Drew.</marc:subfield>
        </marc:datafield>
        <marc:datafield tag="700" ind1="1" ind2=" ">
            <marc:subfield code="a">Bradbury, Ray,</marc:subfield>
            <marc:subfield code="d">1920-2012.</marc:subfield>
        </marc:datafield>
        <marc:datafield tag="700" ind1="1" ind2=" ">
            <marc:subfield code="a">Duvall, Shelley,</marc:subfield>
            <marc:subfield code="d">1949-</marc:subfield>
        </marc:datafield>
        <marc:datafield tag="700" ind1="1" ind2=" ">
            <marc:subfield code="a">Goldblum, Jeff,</marc:subfield>
            <marc:subfield code="d">1952-</marc:subfield>
        </marc:datafield>
        <marc:datafield tag="700" ind1="1" ind2=" ">
            <marc:subfield code="a">Gould, Elliott.</marc:subfield>
        </marc:datafield>
        <marc:datafield tag="700" ind1="1" ind2=" ">
            <marc:subfield code="a">Kellerman, Sally.</marc:subfield>
        </marc:datafield>
        <marc:datafield tag="700" ind1="1" ind2=" ">
            <marc:subfield code="a">Levy, Eugene,</marc:subfield>
            <marc:subfield code="d">1946-</marc:subfield>
        </marc:datafield>
        <marc:datafield tag="700" ind1="1" ind2=" ">
            <marc:subfield code="a">O'Toole, Peter,</marc:subfield>
            <marc:subfield code="d">1932-2013.</marc:subfield>
        </marc:datafield>
        <marc:datafield tag="700" ind1="1" ind2=" ">
            <marc:subfield code="a">Sharkey, Ray.</marc:subfield>
        </marc:datafield>
        <marc:datafield tag="700" ind1="1" ind2=" ">
            <marc:subfield code="a">Shatner, William.</marc:subfield>
        </marc:datafield>
        <marc:datafield tag="710" ind1="2" ind2=" ">
            <marc:subfield code="a">Alliance Atlantis (Firm)</marc:subfield>
        </marc:datafield>
        <marc:datafield tag="710" ind1="2" ind2=" ">
            <marc:subfield code="a">LC Purchase Collection (Library of Congress)</marc:subfield>
            <marc:subfield code="5">DLC</marc:subfield>
        </marc:datafield>
        <marc:datafield tag="730" ind1="0" ind2=" ">
            <marc:subfield code="a">Ray Bradbury theater.</marc:subfield>
        </marc:datafield>
        <marc:datafield tag="906" ind1=" " ind2=" ">
            <marc:subfield code="a">7</marc:subfield>
            <marc:subfield code="b">cbc</marc:subfield>
            <marc:subfield code="c">copycat</marc:subfield>
            <marc:subfield code="d">u</marc:subfield>
            <marc:subfield code="e">ncip</marc:subfield>
            <marc:subfield code="f">20</marc:subfield>
            <marc:subfield code="g">y-movingim</marc:subfield>
        </marc:datafield>
        <marc:datafield tag="955" ind1=" " ind2=" ">
            <marc:subfield code="b">qm11 2012-04-03 z-processor</marc:subfield>
            <marc:subfield code="i">qm11 2012-08-20</marc:subfield>
        </marc:datafield>
    </marc:record>