
    <marc:record>
        <marc:leader>03486cas a2200781 i 4500</marc:leader>
        <marc:controlfield tag="001">11415107</marc:controlfield>
        <marc:controlfield tag="005">20211226065659.0</marc:controlfield>
        <marc:controlfield tag="008">930727d19361955nyubr p       0    0eng  </marc:controlfield>
        <marc:datafield tag="010" ind1=" " ind2=" ">
            <marc:subfield code="a">sf 93093808 </marc:subfield>
        </marc:datafield>
        <marc:datafield tag="035" ind1=" " ind2=" ">
            <marc:subfield code="a">(OCoLC)ocm28526300 </marc:subfield>
        </marc:datafield>
        <marc:datafield tag="040" ind1=" " ind2=" ">
            <marc:subfield code="a">DLC</marc:subfield>
            <marc:subfield code="b">eng</marc:subfield>
            <marc:subfield code="e">rda</marc:subfield>
            <marc:subfield code="c">DLC</marc:subfield>
            <marc:subfield code="d">OCL</marc:subfield>
            <marc:subfield code="d">IUL</marc:subfield>
            <marc:subfield code="d">OCLCQ</marc:subfield>
            <marc:subfield code="d">WAU</marc:subfield>
            <marc:subfield code="d">OCLCQ</marc:subfield>
            <marc:subfield code="d">OCLCF</marc:subfield>
            <marc:subfield code="d">OCLCO</marc:subfield>
            <marc:subfield code="d">NDD</marc:subfield>
            <marc:subfield code="d">OCLCO</marc:subfield>
            <marc:subfield code="d">OCL</marc:subfield>
            <marc:subfield code="d">OCLCO</marc:subfield>
            <marc:subfield code="d">TEU</marc:subfield>
            <marc:subfield code="d">OCLCO</marc:subfield>
            <marc:subfield code="d">OCL</marc:subfield>
            <marc:subfield code="d">PAU</marc:subfield>
            <marc:subfield code="d">OCLCA</marc:subfield>
            <marc:subfield code="d">OCLCQ</marc:subfield>
            <marc:subfield code="d">OCLCO</marc:subfield>
            <marc:subfield code="d">OCLCA</marc:subfield>
            <marc:subfield code="d">OCLCQ</marc:subfield>
            <marc:subfield code="d">OCLCO</marc:subfield>
            <marc:subfield code="d">OCLCA</marc:subfield>
            <marc:subfield code="d">DLC</marc:subfield>
            <marc:subfield code="d">CNO</marc:subfield>
            <marc:subfield code="d">OCLCO</marc:subfield>
        </marc:datafield>
        <marc:datafield tag="042" ind1=" " ind2=" ">
            <marc:subfield code="a">pcc</marc:subfield>
        </marc:datafield>
        <marc:datafield tag="050" ind1="0" ind2="0">
            <marc:subfield code="a">Pulp Magazine</marc:subfield>
        </marc:datafield>
        <marc:datafield tag="050" ind1="1" ind2="4">
            <marc:subfield code="a">PN6071.S33</marc:subfield>
            <marc:subfield code="b">T5</marc:subfield>
        </marc:datafield>
        <marc:datafield tag="245" ind1="0" ind2="0">
            <marc:subfield code="a">Thrilling Wonder Stories.</marc:subfield>
        </marc:datafield>
        <marc:datafield tag="264" ind1=" " ind2="1">
            <marc:subfield code="3">August, 1936-June, 1937 :</marc:subfield>
            <marc:subfield code="a">New York, N.Y. :</marc:subfield>
            <marc:subfield code="b">Beacon Magazines</marc:subfield>
        </marc:datafield>
        <marc:datafield tag="264" ind1="2" ind2="1">
            <marc:subfield code="3">August, 1937-1943 :</marc:subfield>
            <marc:subfield code="a">New York, N.Y. :</marc:subfield>
            <marc:subfield code="b">Better Publications, Inc.</marc:subfield>
        </marc:datafield>
        <marc:datafield tag="264" ind1="3" ind2="1">
            <marc:subfield code="3">Fall 1943- winter 1955 :</marc:subfield>
            <marc:subfield code="a">New York, N.Y. :</marc:subfield>
            <marc:subfield code="b">Standard Magazines, Inc.</marc:subfield>
        </marc:datafield>
        <marc:datafield tag="300" ind1=" " ind2=" ">
            <marc:subfield code="a">44 volumes ;</marc:subfield>
            <marc:subfield code="c">25 cm</marc:subfield>
        </marc:datafield>
        <marc:datafield tag="310" ind1=" " ind2=" ">
            <marc:subfield code="a">Bimonthly,</marc:subfield>
            <marc:subfield code="b">Dec. 1946-</marc:subfield>
        </marc:datafield>
        <marc:datafield tag="321" ind1=" " ind2=" ">
            <marc:subfield code="a">Frequency varies,</marc:subfield>
            <marc:subfield code="b">&lt;Aug. 1936&gt;-winter 1946</marc:subfield>
        </marc:datafield>
        <marc:datafield tag="336" ind1=" " ind2=" ">
            <marc:subfield code="a">text</marc:subfield>
            <marc:subfield code="b">txt</marc:subfield>
            <marc:subfield code="2">rdacontent</marc:subfield>
        </marc:datafield>
        <marc:datafield tag="337" ind1=" " ind2=" ">
            <marc:subfield code="a">unmediated</marc:subfield>
            <marc:subfield code="b">n</marc:subfield>
            <marc:subfield code="2">rdamedia</marc:subfield>
        </marc:datafield>
        <marc:datafield tag="338" ind1=" " ind2=" ">
            <marc:subfield code="a">volume</marc:subfield>
            <marc:subfield code="b">nc</marc:subfield>
            <marc:subfield code="2">rdacarrier</marc:subfield>
        </marc:datafield>
        <marc:datafield tag="362" ind1="1" ind2=" ">
            <marc:subfield code="a">Began with vol. 8, no. 1 (August 1936); ceased with vol. 44, no. 3 (winter 1955).</marc:subfield>
        </marc:datafield>
        <marc:datafield tag="500" ind1=" " ind2=" ">
            <marc:subfield code="a">Advertisements printed throughout.</marc:subfield>
        </marc:datafield>
        <marc:datafield tag="588" ind1=" " ind2=" ">
            <marc:subfield code="a">Description based on: Vol. 8, no. 1 (August 1936); title from cover.</marc:subfield>
        </marc:datafield>
        <marc:datafield tag="588" ind1=" " ind2=" ">
            <marc:subfield code="a">Latest issue consulted: Vol. 44, no. 3 (winter 1955).</marc:subfield>
        </marc:datafield>
        <marc:datafield tag="650" ind1=" " ind2="0">
            <marc:subfield code="a">Pulp literature, American</marc:subfield>
            <marc:subfield code="v">Periodicals.</marc:subfield>
        </marc:datafield>
        <marc:datafield tag="650" ind1=" " ind2="0">
            <marc:subfield code="a">Science fiction, American</marc:subfield>
            <marc:subfield code="v">Periodicals.</marc:subfield>
        </marc:datafield>
        <marc:datafield tag="650" ind1=" " ind2="7">
            <marc:subfield code="a">Pulp literature, American.</marc:subfield>
            <marc:subfield code="2">fast</marc:subfield>
            <marc:subfield code="0">(OCoLC)fst01741204</marc:subfield>
        </marc:datafield>
        <marc:datafield tag="650" ind1=" " ind2="7">
            <marc:subfield code="a">Science fiction, American.</marc:subfield>
            <marc:subfield code="2">fast</marc:subfield>
            <marc:subfield code="0">(OCoLC)fst01108635</marc:subfield>
        </marc:datafield>
        <marc:datafield tag="655" ind1=" " ind2="7">
            <marc:subfield code="a">Action and adventure fiction.</marc:subfield>
            <marc:subfield code="2">fast</marc:subfield>
            <marc:subfield code="0">(OCoLC)fst01921574</marc:subfield>
        </marc:datafield>
        <marc:datafield tag="655" ind1=" " ind2="7">
            <marc:subfield code="a">Action and adventure fiction.</marc:subfield>
            <marc:subfield code="2">lcgft</marc:subfield>
        </marc:datafield>
        <marc:datafield tag="655" ind1=" " ind2="7">
            <marc:subfield code="a">Periodicals.</marc:subfield>
            <marc:subfield code="2">fast</marc:subfield>
            <marc:subfield code="0">(OCoLC)fst01411641</marc:subfield>
        </marc:datafield>
        <marc:datafield tag="655" ind1=" " ind2="7">
            <marc:subfield code="a">Pulp fiction</marc:subfield>
            <marc:subfield code="z">New York (State)</marc:subfield>
            <marc:subfield code="z">New York</marc:subfield>
            <marc:subfield code="y">1936-1955.</marc:subfield>
            <marc:subfield code="2">rbgenr</marc:subfield>
        </marc:datafield>
        <marc:datafield tag="655" ind1=" " ind2="7">
            <marc:subfield code="a">Science fiction.</marc:subfield>
            <marc:subfield code="2">fast</marc:subfield>
            <marc:subfield code="0">(OCoLC)fst01726489</marc:subfield>
        </marc:datafield>
        <marc:datafield tag="655" ind1=" " ind2="7">
            <marc:subfield code="a">Science fiction.</marc:subfield>
            <marc:subfield code="2">gsafd</marc:subfield>
        </marc:datafield>
        <marc:datafield tag="655" ind1=" " ind2="7">
            <marc:subfield code="a">Science fiction.</marc:subfield>
            <marc:subfield code="2">lcgft</marc:subfield>
        </marc:datafield>
        <marc:datafield tag="700" ind1="1" ind2=" ">
            <marc:subfield code="a">Barnes, Arthur K.,</marc:subfield>
            <marc:subfield code="d">1909-1969,</marc:subfield>
            <marc:subfield code="e">author.</marc:subfield>
        </marc:datafield>
        <marc:datafield tag="700" ind1="1" ind2=" ">
            <marc:subfield code="a">Bergey, Earle K.,</marc:subfield>
            <marc:subfield code="e">artist.</marc:subfield>
        </marc:datafield>
        <marc:datafield tag="700" ind1="1" ind2=" ">
            <marc:subfield code="a">Bester, Alfred,</marc:subfield>
            <marc:subfield code="e">author.</marc:subfield>
        </marc:datafield>
        <marc:datafield tag="700" ind1="1" ind2=" ">
            <marc:subfield code="a">Binder, Eando,</marc:subfield>
            <marc:subfield code="e">author.</marc:subfield>
        </marc:datafield>
        <marc:datafield tag="700" ind1="1" ind2=" ">
            <marc:subfield code="a">Blish, James,</marc:subfield>
            <marc:subfield code="e">author.</marc:subfield>
        </marc:datafield>
        <marc:datafield tag="700" ind1="1" ind2=" ">
            <marc:subfield code="a">Brackett, Leigh,</marc:subfield>
            <marc:subfield code="e">author.</marc:subfield>
        </marc:datafield>
        <marc:datafield tag="700" ind1="1" ind2=" ">
            <marc:subfield code="a">Bradbury, Ray,</marc:subfield>
            <marc:subfield code="d">1920-2012,</marc:subfield>
            <marc:subfield code="e">author.</marc:subfield>
        </marc:datafield>
        <marc:datafield tag="700" ind1="1" ind2=" ">
            <marc:subfield code="a">Brown, Howard V.,</marc:subfield>
            <marc:subfield code="d">1878-1945,</marc:subfield>
            <marc:subfield code="e">artist.</marc:subfield>
        </marc:datafield>
        <marc:datafield tag="700" ind1="1" ind2=" ">
            <marc:subfield code="a">Campbell, John W.,</marc:subfield>
            <marc:subfield code="c">Jr.</marc:subfield>
            <marc:subfield code="q">(John Wood),</marc:subfield>
            <marc:subfield code="d">1910-1971,</marc:subfield>
            <marc:subfield code="e">author.</marc:subfield>
        </marc:datafield>
        <marc:datafield tag="700" ind1="1" ind2=" ">
            <marc:subfield code="a">Cummings, Ray,</marc:subfield>
            <marc:subfield code="e">author.</marc:subfield>
        </marc:datafield>
        <marc:datafield tag="700" ind1="1" ind2=" ">
            <marc:subfield code="a">Ernst, Paul,</marc:subfield>
            <marc:subfield code="d">1899-1985,</marc:subfield>
            <marc:subfield code="e">author.</marc:subfield>
        </marc:datafield>
        <marc:datafield tag="700" ind1="1" ind2=" ">
            <marc:subfield code="a">Friend, Oscar J.</marc:subfield>
            <marc:subfield code="q">(Oscar Jerome),</marc:subfield>
            <marc:subfield code="d">1897-1963,</marc:subfield>
            <marc:subfield code="e">editor.</marc:subfield>
        </marc:datafield>
        <marc:datafield tag="700" ind1="1" ind2=" ">
            <marc:subfield code="a">Kummer, Frederic Arnold,</marc:subfield>
            <marc:subfield code="d">1873-1943,</marc:subfield>
            <marc:subfield code="e">author.</marc:subfield>
        </marc:datafield>
        <marc:datafield tag="700" ind1="1" ind2=" ">
            <marc:subfield code="a">Kuttner, Henry,</marc:subfield>
            <marc:subfield code="e">author.</marc:subfield>
        </marc:datafield>
        <marc:datafield tag="700" ind1="1" ind2=" ">
            <marc:subfield code="a">Leinster, Murray,</marc:subfield>
            <marc:subfield code="d">1896-1975,</marc:subfield>
            <marc:subfield code="e">author.</marc:subfield>
        </marc:datafield>
        <marc:datafield tag="700" ind1="1" ind2=" ">
            <marc:subfield code="a">Margulies, Leo,</marc:subfield>
            <marc:subfield code="d">1900-1975,</marc:subfield>
            <marc:subfield code="e">editor.</marc:subfield>
        </marc:datafield>
        <marc:datafield tag="700" ind1="1" ind2=" ">
            <marc:subfield code="a">Merwin, Sam,</marc:subfield>
            <marc:subfield code="c">Jr.,</marc:subfield>
            <marc:subfield code="d">1910-1996,</marc:subfield>
            <marc:subfield code="e">editor.</marc:subfield>
        </marc:datafield>
        <marc:datafield tag="700" ind1="1" ind2=" ">
            <marc:subfield code="a">Mines, Samuel,</marc:subfield>
            <marc:subfield code="e">editor.</marc:subfield>
        </marc:datafield>
        <marc:datafield tag="700" ind1="1" ind2=" ">
            <marc:subfield code="a">Samalman, Alexander,</marc:subfield>
            <marc:subfield code="d">1904-1956,</marc:subfield>
            <marc:subfield code="e">editor.</marc:subfield>
        </marc:datafield>
        <marc:datafield tag="700" ind1="1" ind2=" ">
            <marc:subfield code="a">Van Vogt, A. E.</marc:subfield>
            <marc:subfield code="q">(Alfred Elton),</marc:subfield>
            <marc:subfield code="d">1912-2000,</marc:subfield>
            <marc:subfield code="e">author.</marc:subfield>
        </marc:datafield>
        <marc:datafield tag="700" ind1="1" ind2=" ">
            <marc:subfield code="a">Weisinger, Mort,</marc:subfield>
            <marc:subfield code="d">1915-1978,</marc:subfield>
            <marc:subfield code="e">editor.</marc:subfield>
        </marc:datafield>
        <marc:datafield tag="700" ind1="1" ind2=" ">
            <marc:subfield code="a">Zagat, Arthur Leo,</marc:subfield>
            <marc:subfield code="d">1896-1949,</marc:subfield>
            <marc:subfield code="e">author.</marc:subfield>
        </marc:datafield>
        <marc:datafield tag="710" ind1="2" ind2=" ">
            <marc:subfield code="a">Better Publications Inc.,</marc:subfield>
            <marc:subfield code="e">publisher.</marc:subfield>
        </marc:datafield>
        <marc:datafield tag="780" ind1="0" ind2="0">
            <marc:subfield code="t">Wonder Stories</marc:subfield>
            <marc:subfield code="w">(DLC)sf 93093854</marc:subfield>
            <marc:subfield code="w">(OCoLC)15254248</marc:subfield>
        </marc:datafield>
        <marc:datafield tag="785" ind1="0" ind2="4">
            <marc:subfield code="t">Startling Stories</marc:subfield>
            <marc:subfield code="g">spring 1955</marc:subfield>
            <marc:subfield code="w">(DLC)sf 93092158</marc:subfield>
            <marc:subfield code="w">(OCoLC)4941813</marc:subfield>
        </marc:datafield>
        <marc:datafield tag="850" ind1=" " ind2=" ">
            <marc:subfield code="a">DLC</marc:subfield>
        </marc:datafield>
        <marc:datafield tag="906" ind1=" " ind2=" ">
            <marc:subfield code="a">7</marc:subfield>
            <marc:subfield code="b">cbc</marc:subfield>
            <marc:subfield code="c">serials</marc:subfield>
            <marc:subfield code="d">u</marc:subfield>
            <marc:subfield code="e">ncip</marc:subfield>
            <marc:subfield code="f">19</marc:subfield>
            <marc:subfield code="g">n-oclcserc</marc:subfield>
        </marc:datafield>
        <marc:datafield tag="925" ind1="0" ind2=" ">
            <marc:subfield code="a">Acquire</marc:subfield>
            <marc:subfield code="b">1 shelf copy</marc:subfield>
            <marc:subfield code="x">policy default</marc:subfield>
        </marc:datafield>
        <marc:datafield tag="991" ind1=" " ind2=" ">
            <marc:subfield code="b">c-Ser</marc:subfield>
            <marc:subfield code="h">Pulp fiction box 256</marc:subfield>
            <marc:subfield code="w">SERIALS</marc:subfield>
        </marc:datafield>
    </marc:record>