
    <marc:record>
        <marc:leader>02521cam a2200385 i 4500</marc:leader>
        <marc:controlfield tag="001">10252631</marc:controlfield>
        <marc:controlfield tag="005">20230202152046.0</marc:controlfield>
        <marc:controlfield tag="008">751203s1952    nyu           001 1 eng  </marc:controlfield>
        <marc:datafield tag="010" ind1=" " ind2=" ">
            <marc:subfield code="a">   52064152 </marc:subfield>
        </marc:datafield>
        <marc:datafield tag="035" ind1=" " ind2=" ">
            <marc:subfield code="9">(DLC)   52064152</marc:subfield>
        </marc:datafield>
        <marc:datafield tag="040" ind1=" " ind2=" ">
            <marc:subfield code="a">DLC</marc:subfield>
            <marc:subfield code="b">eng</marc:subfield>
            <marc:subfield code="e">rda</marc:subfield>
            <marc:subfield code="c">DLC</marc:subfield>
            <marc:subfield code="d">DLC</marc:subfield>
        </marc:datafield>
        <marc:datafield tag="042" ind1=" " ind2=" ">
            <marc:subfield code="a">pcc</marc:subfield>
        </marc:datafield>
        <marc:datafield tag="050" ind1="0" ind2="0">
            <marc:subfield code="a">PZ1.B72</marc:subfield>
            <marc:subfield code="b">Ti</marc:subfield>
        </marc:datafield>
        <marc:datafield tag="051" ind1=" " ind2=" ">
            <marc:subfield code="a">PN6071.F25</marc:subfield>
            <marc:subfield code="b">T73 1952 Copy 1</marc:subfield>
            <marc:subfield code="c">Inscribed by Ray Bradbury to Stathis Orphanos, and signed by Christopher Isherwood on page 194 at his story &quot;I am waiting.&quot;</marc:subfield>
        </marc:datafield>
        <marc:datafield tag="245" ind1="0" ind2="0">
            <marc:subfield code="a">Timeless stories for today and tomorrow /</marc:subfield>
            <marc:subfield code="c">edited by Ray Bradbury.</marc:subfield>
        </marc:datafield>
        <marc:datafield tag="250" ind1=" " ind2=" ">
            <marc:subfield code="a">First edition.</marc:subfield>
        </marc:datafield>
        <marc:datafield tag="264" ind1=" " ind2="1">
            <marc:subfield code="a">New York :</marc:subfield>
            <marc:subfield code="b">Bantam Books,</marc:subfield>
            <marc:subfield code="c">1952.</marc:subfield>
        </marc:datafield>
        <marc:datafield tag="300" ind1=" " ind2=" ">
            <marc:subfield code="a">xiv, 304 pages ;</marc:subfield>
            <marc:subfield code="c">16 cm.</marc:subfield>
        </marc:datafield>
        <marc:datafield tag="336" ind1=" " ind2=" ">
            <marc:subfield code="a">text</marc:subfield>
            <marc:subfield code="b">txt</marc:subfield>
            <marc:subfield code="2">rdacontent</marc:subfield>
        </marc:datafield>
        <marc:datafield tag="337" ind1=" " ind2=" ">
            <marc:subfield code="a">unmediated</marc:subfield>
            <marc:subfield code="b">n</marc:subfield>
            <marc:subfield code="2">rdamedia</marc:subfield>
        </marc:datafield>
        <marc:datafield tag="338" ind1=" " ind2=" ">
            <marc:subfield code="a">volume</marc:subfield>
            <marc:subfield code="b">nc</marc:subfield>
            <marc:subfield code="2">rdacarrier</marc:subfield>
        </marc:datafield>
        <marc:datafield tag="490" ind1="0" ind2=" ">
            <marc:subfield code="a">A Bantam giant ;</marc:subfield>
            <marc:subfield code="v">A944</marc:subfield>
        </marc:datafield>
        <marc:datafield tag="500" ind1=" " ind2=" ">
            <marc:subfield code="a">Includes indexes.</marc:subfield>
        </marc:datafield>
        <marc:datafield tag="505" ind1="0" ind2=" ">
            <marc:subfield code="a">The hour after westerly / Robert M. Coates -- Housing problem / Henry Kuttner -- The portable phonograph / Walter Van Tilburg Clark -- None before me / Sidney Carroll -- Putzi / Ludwig Bemelmans -- The demon lover / Shirley Jackson -- Miss Winters and the wind / Christine Noble Govan -- Mr. Death and the redheaded woman (the rider on the pale horse) / Helen Eustis -- Jeremy in the wind / Nigel Kneale -- The glass eye / John Keir Cross -- Saint Katy the virgin / John Steinbeck -- Night Flight / Josephine W. Johnson -- The cocoon / John B.L. Goodwin -- The hand / Wessel Hyatt Smitter -- The sound machine / Roald Dahl -- The Laocoon Complex / J.C. Furnas -- I am waiting / Christopher Isherwood -- The witnesses / William Sansom -- The enormous radio / John Cheever -- Heartburn / Hortense Calisher -- The supremacy of Uruguay / E.B. White -- The pedestrian / Ray Bradbury -- A note for the milkman / Sidney Carroll -- The eight mistresses / Jean Hrolda -- In the penal colony / Franz Kafka -- Inflexible logic / Russell Maloney.</marc:subfield>
        </marc:datafield>
        <marc:datafield tag="650" ind1=" " ind2="0">
            <marc:subfield code="a">Fantasy fiction.</marc:subfield>
        </marc:datafield>
        <marc:datafield tag="700" ind1="1" ind2=" ">
            <marc:subfield code="a">Bradbury, Ray,</marc:subfield>
            <marc:subfield code="d">1920-2012,</marc:subfield>
            <marc:subfield code="e">editor.</marc:subfield>
        </marc:datafield>
        <marc:datafield tag="700" ind1="1" ind2=" ">
            <marc:subfield code="a">Bradbury, Ray,</marc:subfield>
            <marc:subfield code="d">1920-2012,</marc:subfield>
            <marc:subfield code="e">inscriber.</marc:subfield>
            <marc:subfield code="5">DLC</marc:subfield>
        </marc:datafield>
        <marc:datafield tag="700" ind1="1" ind2=" ">
            <marc:subfield code="a">Isherwood, Christopher,</marc:subfield>
            <marc:subfield code="d">1904-1986,</marc:subfield>
            <marc:subfield code="e">signer.</marc:subfield>
            <marc:subfield code="5">DLC</marc:subfield>
        </marc:datafield>
        <marc:datafield tag="700" ind1="1" ind2="2">
            <marc:subfield code="i">Container of (work):</marc:subfield>
            <marc:subfield code="a">Isherwood, Christopher,</marc:subfield>
            <marc:subfield code="d">1904-1986.</marc:subfield>
            <marc:subfield code="t">I am waiting.</marc:subfield>
        </marc:datafield>
        <marc:datafield tag="710" ind1="2" ind2=" ">
            <marc:subfield code="a">Stathis Orphanos Christopher Isherwood Collection (Library of Congress)</marc:subfield>
            <marc:subfield code="5">DLC</marc:subfield>
        </marc:datafield>
        <marc:datafield tag="906" ind1=" " ind2=" ">
            <marc:subfield code="a">7</marc:subfield>
            <marc:subfield code="b">cbc</marc:subfield>
            <marc:subfield code="c">premver</marc:subfield>
            <marc:subfield code="d">1</marc:subfield>
            <marc:subfield code="e">ncip</marc:subfield>
            <marc:subfield code="f">19</marc:subfield>
            <marc:subfield code="g">y-genrareb</marc:subfield>
        </marc:datafield>
        <marc:datafield tag="952" ind1=" " ind2=" ">
            <marc:subfield code="a">#ACQ 14-051</marc:subfield>
        </marc:datafield>
        <marc:datafield tag="955" ind1=" " ind2=" ">
            <marc:subfield code="a">he19 2023-02-02</marc:subfield>
            <marc:subfield code="i">he19 2023-02-02 NEW INPUT</marc:subfield>
        </marc:datafield>
        <marc:datafield tag="985" ind1=" " ind2=" ">
            <marc:subfield code="e">OCLC REPLACEMENT</marc:subfield>
        </marc:datafield>
        <marc:datafield tag="991" ind1=" " ind2=" ">
            <marc:subfield code="b">c-GenColl</marc:subfield>
            <marc:subfield code="h">PZ1.B72</marc:subfield>
            <marc:subfield code="i">Ti</marc:subfield>
            <marc:subfield code="t">Copy 1</marc:subfield>
            <marc:subfield code="w">OCLCREP</marc:subfield>
        </marc:datafield>
    </marc:record>