
    <marc:record>
        <marc:leader>01122cam a2200289 a 4500</marc:leader>
        <marc:controlfield tag="001">4860639</marc:controlfield>
        <marc:controlfield tag="005">20211104161923.0</marc:controlfield>
        <marc:controlfield tag="008">910816s1990    ilua          000 1 eng  </marc:controlfield>
        <marc:datafield tag="010" ind1=" " ind2=" ">
            <marc:subfield code="a">   91184622 </marc:subfield>
        </marc:datafield>
        <marc:datafield tag="020" ind1=" " ind2=" ">
            <marc:subfield code="a">0913165549 (hard) :</marc:subfield>
            <marc:subfield code="c">$19.95 ($49.00 lim. ed.)</marc:subfield>
        </marc:datafield>
        <marc:datafield tag="035" ind1=" " ind2=" ">
            <marc:subfield code="9">(DLC)   91184622</marc:subfield>
        </marc:datafield>
        <marc:datafield tag="040" ind1=" " ind2=" ">
            <marc:subfield code="a">DLC</marc:subfield>
            <marc:subfield code="c">DLC</marc:subfield>
            <marc:subfield code="d">DLC</marc:subfield>
        </marc:datafield>
        <marc:datafield tag="050" ind1="0" ind2="0">
            <marc:subfield code="a">PS648.H6</marc:subfield>
            <marc:subfield code="b">U7 1990</marc:subfield>
        </marc:datafield>
        <marc:datafield tag="082" ind1="0" ind2="0">
            <marc:subfield code="a">811/.0873808054</marc:subfield>
            <marc:subfield code="2">20</marc:subfield>
        </marc:datafield>
        <marc:datafield tag="245" ind1="0" ind2="0">
            <marc:subfield code="a">Urban horrors :</marc:subfield>
            <marc:subfield code="b">stories /</marc:subfield>
            <marc:subfield code="c">by Ray Bradbury ... [et al.] ; edited by William F. Nolan and Martin H. Greenberg ; illustrated by Robert W. Lavoie.</marc:subfield>
        </marc:datafield>
        <marc:datafield tag="250" ind1=" " ind2=" ">
            <marc:subfield code="a">[1st ed.].</marc:subfield>
        </marc:datafield>
        <marc:datafield tag="260" ind1=" " ind2=" ">
            <marc:subfield code="a">Arlington Hts., Ill. :</marc:subfield>
            <marc:subfield code="b">Dark Harvest,</marc:subfield>
            <marc:subfield code="c">1990.</marc:subfield>
        </marc:datafield>
        <marc:datafield tag="300" ind1=" " ind2=" ">
            <marc:subfield code="a">246 p. :</marc:subfield>
            <marc:subfield code="b">ill. ;</marc:subfield>
            <marc:subfield code="c">24 cm.</marc:subfield>
        </marc:datafield>
        <marc:datafield tag="650" ind1=" " ind2="0">
            <marc:subfield code="a">City and town life</marc:subfield>
            <marc:subfield code="x">Fiction.</marc:subfield>
        </marc:datafield>
        <marc:datafield tag="650" ind1=" " ind2="0">
            <marc:subfield code="a">Horror tales, American.</marc:subfield>
        </marc:datafield>
        <marc:datafield tag="700" ind1="1" ind2=" ">
            <marc:subfield code="a">Bradbury, Ray,</marc:subfield>
            <marc:subfield code="d">1920-2012.</marc:subfield>
        </marc:datafield>
        <marc:datafield tag="700" ind1="1" ind2=" ">
            <marc:subfield code="a">Greenberg, Martin Harry.</marc:subfield>
        </marc:datafield>
        <marc:datafield tag="700" ind1="1" ind2=" ">
            <marc:subfield code="a">Nolan, William F.,</marc:subfield>
            <marc:subfield code="d">1928-2021.</marc:subfield>
        </marc:datafield>
        <marc:datafield tag="906" ind1=" " ind2=" ">
            <marc:subfield code="a">7</marc:subfield>
            <marc:subfield code="b">cbc</marc:subfield>
            <marc:subfield code="c">orignew</marc:subfield>
            <marc:subfield code="d">2</marc:subfield>
            <marc:subfield code="e">ncip</marc:subfield>
            <marc:subfield code="f">19</marc:subfield>
            <marc:subfield code="g">y-gencatlg</marc:subfield>
        </marc:datafield>
        <marc:datafield tag="922" ind1=" " ind2=" ">
            <marc:subfield code="a">co</marc:subfield>
        </marc:datafield>
        <marc:datafield tag="955" ind1=" " ind2=" ">
            <marc:subfield code="a">by16 08-16-91; bw58 to bc00 08-20-91; bc80 09-06-91; to SCD 09-24-91; fd11 09-25-91; fr28 10-01-91</marc:subfield>
        </marc:datafield>
        <marc:datafield tag="991" ind1=" " ind2=" ">
            <marc:subfield code="b">c-GenColl</marc:subfield>
            <marc:subfield code="h">PS648.H6</marc:subfield>
            <marc:subfield code="i">U7 1990</marc:subfield>
            <marc:subfield code="p">00001338109</marc:subfield>
            <marc:subfield code="t">Copy 1</marc:subfield>
            <marc:subfield code="w">BOOKS</marc:subfield>
        </marc:datafield>
    </marc:record>