
    <marc:record>
        <marc:leader>02819cam a2200577 i 4500</marc:leader>
        <marc:controlfield tag="001">20549079</marc:controlfield>
        <marc:controlfield tag="005">20180619173852.0</marc:controlfield>
        <marc:controlfield tag="008">180619m20159999orua     6    000 1 eng d</marc:controlfield>
        <marc:datafield tag="010" ind1=" " ind2=" ">
            <marc:subfield code="a">  2016427587</marc:subfield>
        </marc:datafield>
        <marc:datafield tag="020" ind1=" " ind2=" ">
            <marc:subfield code="a">1616556587</marc:subfield>
            <marc:subfield code="q">(volume 4)</marc:subfield>
        </marc:datafield>
        <marc:datafield tag="020" ind1=" " ind2=" ">
            <marc:subfield code="a">1616558245</marc:subfield>
            <marc:subfield code="q">(volume 1)</marc:subfield>
        </marc:datafield>
        <marc:datafield tag="020" ind1=" " ind2=" ">
            <marc:subfield code="a">9781616556587</marc:subfield>
            <marc:subfield code="q">(volume 4)</marc:subfield>
        </marc:datafield>
        <marc:datafield tag="020" ind1=" " ind2=" ">
            <marc:subfield code="a">9781616558246</marc:subfield>
            <marc:subfield code="q">(volume 1)</marc:subfield>
        </marc:datafield>
        <marc:datafield tag="035" ind1=" " ind2=" ">
            <marc:subfield code="a">(OCoLC)ocn940982629</marc:subfield>
        </marc:datafield>
        <marc:datafield tag="040" ind1=" " ind2=" ">
            <marc:subfield code="a">ZAC</marc:subfield>
            <marc:subfield code="b">eng</marc:subfield>
            <marc:subfield code="c">ZAC</marc:subfield>
            <marc:subfield code="e">rda</marc:subfield>
            <marc:subfield code="d">OCLCF</marc:subfield>
            <marc:subfield code="d">DLC</marc:subfield>
        </marc:datafield>
        <marc:datafield tag="042" ind1=" " ind2=" ">
            <marc:subfield code="a">lccopycat</marc:subfield>
        </marc:datafield>
        <marc:datafield tag="050" ind1="0" ind2="0">
            <marc:subfield code="a">PN6728.W4526</marc:subfield>
            <marc:subfield code="b">W45 2015</marc:subfield>
        </marc:datafield>
        <marc:datafield tag="082" ind1="0" ind2="0">
            <marc:subfield code="a">741.5/973</marc:subfield>
            <marc:subfield code="2">23</marc:subfield>
        </marc:datafield>
        <marc:datafield tag="245" ind1="0" ind2="0">
            <marc:subfield code="a">Weird science.</marc:subfield>
        </marc:datafield>
        <marc:datafield tag="250" ind1=" " ind2=" ">
            <marc:subfield code="a">First edition.</marc:subfield>
        </marc:datafield>
        <marc:datafield tag="264" ind1=" " ind2="1">
            <marc:subfield code="a">Milwaukie, OR :</marc:subfield>
            <marc:subfield code="b">Dark Horse Comics,</marc:subfield>
            <marc:subfield code="c">2015-</marc:subfield>
        </marc:datafield>
        <marc:datafield tag="300" ind1=" " ind2=" ">
            <marc:subfield code="a">volumes :</marc:subfield>
            <marc:subfield code="b">color illustrations ;</marc:subfield>
            <marc:subfield code="c">29 cm.</marc:subfield>
        </marc:datafield>
        <marc:datafield tag="336" ind1=" " ind2=" ">
            <marc:subfield code="a">still image</marc:subfield>
            <marc:subfield code="b">sti</marc:subfield>
            <marc:subfield code="2">rdacontent</marc:subfield>
        </marc:datafield>
        <marc:datafield tag="336" ind1=" " ind2=" ">
            <marc:subfield code="a">text</marc:subfield>
            <marc:subfield code="b">txt</marc:subfield>
            <marc:subfield code="2">rdacontent</marc:subfield>
        </marc:datafield>
        <marc:datafield tag="337" ind1=" " ind2=" ">
            <marc:subfield code="a">unmediated</marc:subfield>
            <marc:subfield code="b">n</marc:subfield>
            <marc:subfield code="2">rdamedia</marc:subfield>
        </marc:datafield>
        <marc:datafield tag="338" ind1=" " ind2=" ">
            <marc:subfield code="a">volume</marc:subfield>
            <marc:subfield code="b">nc</marc:subfield>
            <marc:subfield code="2">rdacarrier</marc:subfield>
        </marc:datafield>
        <marc:datafield tag="490" ind1="1" ind2=" ">
            <marc:subfield code="a">EC archives</marc:subfield>
        </marc:datafield>
        <marc:datafield tag="500" ind1=" " ind2=" ">
            <marc:subfield code="a">&quot;Fantasy&quot;--Cover.</marc:subfield>
        </marc:datafield>
        <marc:datafield tag="500" ind1=" " ind2=" ">
            <marc:subfield code="a">Volume 1. &quot;This volume collects Weird Science #12-#15 and #5-#6, originally published between May 1950 and April 1951 by I. C. Publishing Co, Inc.&quot;--Title page verso.</marc:subfield>
        </marc:datafield>
        <marc:datafield tag="500" ind1=" " ind2=" ">
            <marc:subfield code="a">Volume 4. &quot;This volume collects Weird Science #19-#22 and and Weird Science-Fantasy #23-#24, originally published between May 1953 and June 1954 by I. C. Publishing Co, Inc.&quot;--Title page verso.</marc:subfield>
        </marc:datafield>
        <marc:datafield tag="505" ind1="1" ind2=" ">
            <marc:subfield code="a">Volume 1. Weird Science issues 12-15 and 5-6 / writer: Al Feldstein, Gardner Fox [and others] ; artist: Al Feldstein, Harvey Kurtzman [and others] ; foreword by George Lucas -- Volume 4. Weird Science issues 19-22 and Weird Science-Fantasy issues 23-24 / writer: Al Feldstein, Ray Bradbury [and others] ; artist: Wally Wood, Al Williamson, Frank Frazetta [and others] ; foreword by Paul Tobin.</marc:subfield>
        </marc:datafield>
        <marc:datafield tag="650" ind1=" " ind2="7">
            <marc:subfield code="a">End of the world.</marc:subfield>
            <marc:subfield code="2">fast</marc:subfield>
            <marc:subfield code="0">(OCoLC)fst00909634</marc:subfield>
        </marc:datafield>
        <marc:datafield tag="650" ind1=" " ind2="7">
            <marc:subfield code="a">Nuclear warfare.</marc:subfield>
            <marc:subfield code="2">fast</marc:subfield>
            <marc:subfield code="0">(OCoLC)fst01040920</marc:subfield>
        </marc:datafield>
        <marc:datafield tag="650" ind1=" " ind2="7">
            <marc:subfield code="a">Scientists.</marc:subfield>
            <marc:subfield code="2">fast</marc:subfield>
            <marc:subfield code="0">(OCoLC)fst01108895</marc:subfield>
        </marc:datafield>
        <marc:datafield tag="655" ind1=" " ind2="0">
            <marc:subfield code="a">Comic books, strips, etc.</marc:subfield>
        </marc:datafield>
        <marc:datafield tag="655" ind1=" " ind2="7">
            <marc:subfield code="a">Comic books, strips, etc.</marc:subfield>
            <marc:subfield code="2">fast</marc:subfield>
            <marc:subfield code="0">(OCoLC)fst01423722</marc:subfield>
        </marc:datafield>
        <marc:datafield tag="655" ind1=" " ind2="7">
            <marc:subfield code="a">Graphic novels.</marc:subfield>
            <marc:subfield code="2">fast</marc:subfield>
            <marc:subfield code="0">(OCoLC)fst01726630</marc:subfield>
        </marc:datafield>
        <marc:datafield tag="655" ind1=" " ind2="7">
            <marc:subfield code="a">Graphic novels.</marc:subfield>
            <marc:subfield code="2">lcgft</marc:subfield>
        </marc:datafield>
        <marc:datafield tag="700" ind1="1" ind2=" ">
            <marc:subfield code="a">Bradbury, Ray,</marc:subfield>
            <marc:subfield code="d">1920-2012,</marc:subfield>
            <marc:subfield code="e">writer.</marc:subfield>
        </marc:datafield>
        <marc:datafield tag="700" ind1="1" ind2=" ">
            <marc:subfield code="a">Feldstein, Albert L.,</marc:subfield>
            <marc:subfield code="d">1949-</marc:subfield>
            <marc:subfield code="e">writer,</marc:subfield>
            <marc:subfield code="e">artist.</marc:subfield>
        </marc:datafield>
        <marc:datafield tag="700" ind1="1" ind2=" ">
            <marc:subfield code="a">Fox, Gardner F.</marc:subfield>
            <marc:subfield code="q">(Gardner Francis),</marc:subfield>
            <marc:subfield code="d">1911-1986,</marc:subfield>
            <marc:subfield code="e">writer.</marc:subfield>
        </marc:datafield>
        <marc:datafield tag="700" ind1="1" ind2=" ">
            <marc:subfield code="a">Frazetta, Frank,</marc:subfield>
            <marc:subfield code="e">artist.</marc:subfield>
        </marc:datafield>
        <marc:datafield tag="700" ind1="1" ind2=" ">
            <marc:subfield code="a">Kurtzman, Harvey,</marc:subfield>
            <marc:subfield code="e">artist.</marc:subfield>
        </marc:datafield>
        <marc:datafield tag="700" ind1="1" ind2=" ">
            <marc:subfield code="a">Lucas, George,</marc:subfield>
            <marc:subfield code="d">1944-</marc:subfield>
            <marc:subfield code="e">writer of foreword.</marc:subfield>
        </marc:datafield>
        <marc:datafield tag="700" ind1="1" ind2=" ">
            <marc:subfield code="a">Tobin, Paul,</marc:subfield>
            <marc:subfield code="d">1965-</marc:subfield>
            <marc:subfield code="e">writer of foreword.</marc:subfield>
        </marc:datafield>
        <marc:datafield tag="700" ind1="1" ind2=" ">
            <marc:subfield code="a">Williamson, Al,</marc:subfield>
            <marc:subfield code="d">1931-2010,</marc:subfield>
            <marc:subfield code="e">artist.</marc:subfield>
        </marc:datafield>
        <marc:datafield tag="700" ind1="1" ind2=" ">
            <marc:subfield code="a">Wood, Wallace,</marc:subfield>
            <marc:subfield code="e">artist.</marc:subfield>
        </marc:datafield>
        <marc:datafield tag="730" ind1="0" ind2=" ">
            <marc:subfield code="a">Weird science-fantasy (New York, N.Y.)</marc:subfield>
        </marc:datafield>
        <marc:datafield tag="830" ind1=" " ind2="0">
            <marc:subfield code="a">EC archives (Milwaukie, Or.)</marc:subfield>
        </marc:datafield>
        <marc:datafield tag="906" ind1=" " ind2=" ">
            <marc:subfield code="a">7</marc:subfield>
            <marc:subfield code="b">cbc</marc:subfield>
            <marc:subfield code="c">copycat</marc:subfield>
            <marc:subfield code="d">2</marc:subfield>
            <marc:subfield code="e">ncip</marc:subfield>
            <marc:subfield code="f">20</marc:subfield>
            <marc:subfield code="g">y-gencatlg</marc:subfield>
        </marc:datafield>
        <marc:datafield tag="955" ind1=" " ind2=" ">
            <marc:subfield code="b">xk14 2018-06-19 z-processor</marc:subfield>
            <marc:subfield code="i">xk14 2018-06-19</marc:subfield>
            <marc:subfield code="w">xk14 2018-06-19 v. 1 and 4 to CALM</marc:subfield>
        </marc:datafield>
    </marc:record>