
    <marc:record>
        <marc:leader>01365cim a2200337 a 4500</marc:leader>
        <marc:controlfield tag="001">5798907</marc:controlfield>
        <marc:controlfield tag="005">20120606115046.0</marc:controlfield>
        <marc:controlfield tag="007">ss|lunjlcmnnue</marc:controlfield>
        <marc:controlfield tag="008">990407s1980    nyunnn         t    eng d</marc:controlfield>
        <marc:datafield tag="010" ind1=" " ind2=" ">
            <marc:subfield code="a">   99388193 </marc:subfield>
        </marc:datafield>
        <marc:datafield tag="035" ind1=" " ind2=" ">
            <marc:subfield code="9">(DLC)   99388193</marc:subfield>
        </marc:datafield>
        <marc:datafield tag="035" ind1=" " ind2=" ">
            <marc:subfield code="a">(OCoLC)07533257</marc:subfield>
        </marc:datafield>
        <marc:datafield tag="040" ind1=" " ind2=" ">
            <marc:subfield code="a">WAU</marc:subfield>
            <marc:subfield code="c">WAU</marc:subfield>
            <marc:subfield code="d">DLC</marc:subfield>
        </marc:datafield>
        <marc:datafield tag="042" ind1=" " ind2=" ">
            <marc:subfield code="a">lccopycat</marc:subfield>
        </marc:datafield>
        <marc:datafield tag="050" ind1="0" ind2="0">
            <marc:subfield code="a">RZA 0784</marc:subfield>
        </marc:datafield>
        <marc:datafield tag="100" ind1="1" ind2=" ">
            <marc:subfield code="a">Bradbury, Ray,</marc:subfield>
            <marc:subfield code="d">1920-2012.</marc:subfield>
        </marc:datafield>
        <marc:datafield tag="245" ind1="1" ind2="2">
            <marc:subfield code="a">A conversation with Ray Bradbury</marc:subfield>
            <marc:subfield code="h">[sound recording] /</marc:subfield>
            <marc:subfield code="c">Ray Bradbury.</marc:subfield>
        </marc:datafield>
        <marc:datafield tag="260" ind1=" " ind2=" ">
            <marc:subfield code="a">[New York] :</marc:subfield>
            <marc:subfield code="b">Encyclopedia Americana/CBS News Audio Resource Library,</marc:subfield>
            <marc:subfield code="c">p1980.</marc:subfield>
        </marc:datafield>
        <marc:datafield tag="300" ind1=" " ind2=" ">
            <marc:subfield code="a">on side B of 1 sound cassette (23 min., 44 sec.) :</marc:subfield>
            <marc:subfield code="b">analog +</marc:subfield>
            <marc:subfield code="e">1 study guide.</marc:subfield>
        </marc:datafield>
        <marc:datafield tag="306" ind1=" " ind2=" ">
            <marc:subfield code="a">002344</marc:subfield>
        </marc:datafield>
        <marc:datafield tag="490" ind1="1" ind2=" ">
            <marc:subfield code="a">Vital history cassettes ;</marc:subfield>
            <marc:subfield code="v">no. 3 for Oct. 80</marc:subfield>
        </marc:datafield>
        <marc:datafield tag="501" ind1=" " ind2=" ">
            <marc:subfield code="a">With: The other war in the Middle East / Saadoun Hammadi, Ali Shams Ardakani -- A conversation with Erica Jong / Erica Jong.</marc:subfield>
        </marc:datafield>
        <marc:datafield tag="520" ind1=" " ind2=" ">
            <marc:subfield code="a">Author Ray Bradbury discusses his career and the role of science fiction in today's world.</marc:subfield>
        </marc:datafield>
        <marc:datafield tag="590" ind1=" " ind2=" ">
            <marc:subfield code="a">Study guide lacing in Library of Congress.</marc:subfield>
        </marc:datafield>
        <marc:datafield tag="600" ind1="1" ind2="0">
            <marc:subfield code="a">Bradbury, Ray,</marc:subfield>
            <marc:subfield code="d">1920-2012</marc:subfield>
            <marc:subfield code="v">Interviews.</marc:subfield>
        </marc:datafield>
        <marc:datafield tag="650" ind1=" " ind2="0">
            <marc:subfield code="a">Novelists, American</marc:subfield>
            <marc:subfield code="y">20th century</marc:subfield>
            <marc:subfield code="v">Interviews.</marc:subfield>
        </marc:datafield>
        <marc:datafield tag="830" ind1=" " ind2="0">
            <marc:subfield code="a">Vital history cassettes ;</marc:subfield>
            <marc:subfield code="v">Oct. 80, no. 3.</marc:subfield>
        </marc:datafield>
        <marc:datafield tag="906" ind1=" " ind2=" ">
            <marc:subfield code="a">7</marc:subfield>
            <marc:subfield code="b">cbc</marc:subfield>
            <marc:subfield code="c">copycat</marc:subfield>
            <marc:subfield code="d">3</marc:subfield>
            <marc:subfield code="e">ncip</marc:subfield>
            <marc:subfield code="f">19</marc:subfield>
            <marc:subfield code="g">y-genmusic</marc:subfield>
        </marc:datafield>
        <marc:datafield tag="953" ind1=" " ind2=" ">
            <marc:subfield code="a">TA28</marc:subfield>
        </marc:datafield>
        <marc:datafield tag="955" ind1=" " ind2=" ">
            <marc:subfield code="a">vl20 04-07-99</marc:subfield>
        </marc:datafield>
        <marc:datafield tag="991" ind1=" " ind2=" ">
            <marc:subfield code="b">c-RecSound</marc:subfield>
            <marc:subfield code="h">RZA 0784</marc:subfield>
            <marc:subfield code="w">MUSIC</marc:subfield>
        </marc:datafield>
    </marc:record>