
    <marc:record>
        <marc:leader>00787cam a22002651  4500</marc:leader>
        <marc:controlfield tag="001">1221235</marc:controlfield>
        <marc:controlfield tag="005">20120606120214.0</marc:controlfield>
        <marc:controlfield tag="008">730522s1957    nyu           000 1 eng  </marc:controlfield>
        <marc:datafield tag="010" ind1=" " ind2=" ">
            <marc:subfield code="a">   57007824 </marc:subfield>
        </marc:datafield>
        <marc:datafield tag="035" ind1=" " ind2=" ">
            <marc:subfield code="9">(DLC)   57007824</marc:subfield>
        </marc:datafield>
        <marc:datafield tag="040" ind1=" " ind2=" ">
            <marc:subfield code="a">DLC</marc:subfield>
            <marc:subfield code="c">DLC</marc:subfield>
            <marc:subfield code="d">DLC</marc:subfield>
        </marc:datafield>
        <marc:datafield tag="050" ind1="0" ind2="0">
            <marc:subfield code="a">PZ3.B72453</marc:subfield>
            <marc:subfield code="b">Dan</marc:subfield>
            <marc:subfield code="a">PS3503.R167</marc:subfield>
        </marc:datafield>
        <marc:datafield tag="100" ind1="1" ind2=" ">
            <marc:subfield code="a">Bradbury, Ray,</marc:subfield>
            <marc:subfield code="d">1920-2012.</marc:subfield>
        </marc:datafield>
        <marc:datafield tag="245" ind1="1" ind2="0">
            <marc:subfield code="a">Dandelion wine,</marc:subfield>
            <marc:subfield code="b">a novel.</marc:subfield>
        </marc:datafield>
        <marc:datafield tag="250" ind1=" " ind2=" ">
            <marc:subfield code="a">[1st ed.]</marc:subfield>
        </marc:datafield>
        <marc:datafield tag="260" ind1=" " ind2=" ">
            <marc:subfield code="a">Garden City, N.Y.,</marc:subfield>
            <marc:subfield code="b">Doubleday,</marc:subfield>
            <marc:subfield code="c">1957.</marc:subfield>
        </marc:datafield>
        <marc:datafield tag="300" ind1=" " ind2=" ">
            <marc:subfield code="a">281 p.</marc:subfield>
            <marc:subfield code="c">22 cm.</marc:subfield>
        </marc:datafield>
        <marc:datafield tag="500" ind1=" " ind2=" ">
            <marc:subfield code="a">Sequel: Farewell summer.</marc:subfield>
        </marc:datafield>
        <marc:datafield tag="650" ind1=" " ind2="0">
            <marc:subfield code="a">Boys</marc:subfield>
            <marc:subfield code="x">Fiction.</marc:subfield>
        </marc:datafield>
        <marc:datafield tag="650" ind1=" " ind2="0">
            <marc:subfield code="a">City and town life</marc:subfield>
            <marc:subfield code="x">Fiction.</marc:subfield>
        </marc:datafield>
        <marc:datafield tag="651" ind1=" " ind2="0">
            <marc:subfield code="a">Illinois</marc:subfield>
            <marc:subfield code="x">Fiction.</marc:subfield>
        </marc:datafield>
        <marc:datafield tag="655" ind1=" " ind2="7">
            <marc:subfield code="a">Bildungsromans.</marc:subfield>
            <marc:subfield code="2">gsafd</marc:subfield>
        </marc:datafield>
        <marc:datafield tag="906" ind1=" " ind2=" ">
            <marc:subfield code="a">7</marc:subfield>
            <marc:subfield code="b">cbc</marc:subfield>
            <marc:subfield code="c">orignew</marc:subfield>
            <marc:subfield code="d">u</marc:subfield>
            <marc:subfield code="e">ocip</marc:subfield>
            <marc:subfield code="f">19</marc:subfield>
            <marc:subfield code="g">y-gencatlg</marc:subfield>
        </marc:datafield>
        <marc:datafield tag="984" ind1=" " ind2=" ">
            <marc:subfield code="a">gsl</marc:subfield>
        </marc:datafield>
        <marc:datafield tag="991" ind1=" " ind2=" ">
            <marc:subfield code="b">c-GenColl</marc:subfield>
            <marc:subfield code="h">PZ3.B72453</marc:subfield>
            <marc:subfield code="i">Dan</marc:subfield>
            <marc:subfield code="t">Copy 1</marc:subfield>
            <marc:subfield code="w">BOOKS</marc:subfield>
        </marc:datafield>
    </marc:record>