
    <marc:record>
        <marc:leader>00866cam a2200241 a 4500</marc:leader>
        <marc:controlfield tag="001">12947411</marc:controlfield>
        <marc:controlfield tag="005">20120606120333.0</marc:controlfield>
        <marc:controlfield tag="008">020927s2002    ie            000 0 eng  </marc:controlfield>
        <marc:datafield tag="010" ind1=" " ind2=" ">
            <marc:subfield code="a">  2002483608</marc:subfield>
        </marc:datafield>
        <marc:datafield tag="020" ind1=" " ind2=" ">
            <marc:subfield code="a">1903392209</marc:subfield>
        </marc:datafield>
        <marc:datafield tag="035" ind1=" " ind2=" ">
            <marc:subfield code="a">(OCoLC)ocm50649870</marc:subfield>
        </marc:datafield>
        <marc:datafield tag="040" ind1=" " ind2=" ">
            <marc:subfield code="a">DLC</marc:subfield>
            <marc:subfield code="c">DLC</marc:subfield>
            <marc:subfield code="d">DLC</marc:subfield>
        </marc:datafield>
        <marc:datafield tag="050" ind1="0" ind2="0">
            <marc:subfield code="a">PS3503.R167</marc:subfield>
            <marc:subfield code="b">I19 2002</marc:subfield>
        </marc:datafield>
        <marc:datafield tag="082" ind1="0" ind2="0">
            <marc:subfield code="a">811/.54</marc:subfield>
            <marc:subfield code="2">22</marc:subfield>
        </marc:datafield>
        <marc:datafield tag="100" ind1="1" ind2=" ">
            <marc:subfield code="a">Bradbury, Ray,</marc:subfield>
            <marc:subfield code="d">1920-2012.</marc:subfield>
        </marc:datafield>
        <marc:datafield tag="245" ind1="1" ind2="0">
            <marc:subfield code="a">I live by the invisible :</marc:subfield>
            <marc:subfield code="b">new &amp; selected poems /</marc:subfield>
            <marc:subfield code="c">Ray Bradbury.</marc:subfield>
        </marc:datafield>
        <marc:datafield tag="260" ind1=" " ind2=" ">
            <marc:subfield code="a">Cliffs of Moher, Co. Clare, Ireland :</marc:subfield>
            <marc:subfield code="b">Salmon Pub.,</marc:subfield>
            <marc:subfield code="c">2002.</marc:subfield>
        </marc:datafield>
        <marc:datafield tag="300" ind1=" " ind2=" ">
            <marc:subfield code="a">81 p. ;</marc:subfield>
            <marc:subfield code="c">21 cm.</marc:subfield>
        </marc:datafield>
        <marc:datafield tag="440" ind1=" " ind2="0">
            <marc:subfield code="a">Salmon poetry</marc:subfield>
        </marc:datafield>
        <marc:datafield tag="906" ind1=" " ind2=" ">
            <marc:subfield code="a">7</marc:subfield>
            <marc:subfield code="b">cbc</marc:subfield>
            <marc:subfield code="c">origres</marc:subfield>
            <marc:subfield code="d">2</marc:subfield>
            <marc:subfield code="e">ncip</marc:subfield>
            <marc:subfield code="f">20</marc:subfield>
            <marc:subfield code="g">y-gencatlg</marc:subfield>
        </marc:datafield>
        <marc:datafield tag="923" ind1=" " ind2=" ">
            <marc:subfield code="a">COPYRIGHT</marc:subfield>
        </marc:datafield>
        <marc:datafield tag="925" ind1="0" ind2=" ">
            <marc:subfield code="a">acquire</marc:subfield>
            <marc:subfield code="b">2 shelf copies</marc:subfield>
            <marc:subfield code="x">policy default</marc:subfield>
        </marc:datafield>
        <marc:datafield tag="955" ind1=" " ind2=" ">
            <marc:subfield code="a">nb01 2002-09-27 1st copy to HLCD</marc:subfield>
            <marc:subfield code="c">yc25 (lk50) 2003-10-06;</marc:subfield>
            <marc:subfield code="d">lh02 2003-12-17 to SL</marc:subfield>
            <marc:subfield code="e">lk18 2003-12-17; to Dewey 12-17-03</marc:subfield>
            <marc:subfield code="a">aa05 2004-01-06</marc:subfield>
        </marc:datafield>
    </marc:record>