
    <marc:record>
        <marc:leader>01328cam a2200325 a 4500</marc:leader>
        <marc:controlfield tag="001">12823695</marc:controlfield>
        <marc:controlfield tag="005">20140922083506.0</marc:controlfield>
        <marc:controlfield tag="008">020619s2003    nyu           000 1 eng  </marc:controlfield>
        <marc:datafield tag="010" ind1=" " ind2=" ">
            <marc:subfield code="a">  2002026416</marc:subfield>
        </marc:datafield>
        <marc:datafield tag="020" ind1=" " ind2=" ">
            <marc:subfield code="a">0060515848 (acid-free paper)</marc:subfield>
        </marc:datafield>
        <marc:datafield tag="040" ind1=" " ind2=" ">
            <marc:subfield code="a">DLC</marc:subfield>
            <marc:subfield code="c">DLC</marc:subfield>
            <marc:subfield code="d">DLC</marc:subfield>
        </marc:datafield>
        <marc:datafield tag="043" ind1=" " ind2=" ">
            <marc:subfield code="a">n-us-ca</marc:subfield>
        </marc:datafield>
        <marc:datafield tag="050" ind1="0" ind2="0">
            <marc:subfield code="a">PS3503.R167</marc:subfield>
            <marc:subfield code="b">L47 2003</marc:subfield>
        </marc:datafield>
        <marc:datafield tag="082" ind1="0" ind2="0">
            <marc:subfield code="a">813/.54</marc:subfield>
            <marc:subfield code="2">21</marc:subfield>
        </marc:datafield>
        <marc:datafield tag="100" ind1="1" ind2=" ">
            <marc:subfield code="a">Bradbury, Ray,</marc:subfield>
            <marc:subfield code="d">1920-2012.</marc:subfield>
        </marc:datafield>
        <marc:datafield tag="245" ind1="1" ind2="0">
            <marc:subfield code="a">Let's all kill Constance :</marc:subfield>
            <marc:subfield code="b">a novel /</marc:subfield>
            <marc:subfield code="c">Ray Bradbury.</marc:subfield>
        </marc:datafield>
        <marc:datafield tag="250" ind1=" " ind2=" ">
            <marc:subfield code="a">1st ed.</marc:subfield>
        </marc:datafield>
        <marc:datafield tag="260" ind1=" " ind2=" ">
            <marc:subfield code="a">New York :</marc:subfield>
            <marc:subfield code="b">W. Morrow,</marc:subfield>
            <marc:subfield code="c">c2003.</marc:subfield>
        </marc:datafield>
        <marc:datafield tag="300" ind1=" " ind2=" ">
            <marc:subfield code="a">210 p. ;</marc:subfield>
            <marc:subfield code="c">22 cm.</marc:subfield>
        </marc:datafield>
        <marc:datafield tag="650" ind1=" " ind2="0">
            <marc:subfield code="a">Actresses</marc:subfield>
            <marc:subfield code="v">Fiction.</marc:subfield>
        </marc:datafield>
        <marc:datafield tag="650" ind1=" " ind2="0">
            <marc:subfield code="a">Motion picture actors and actresses</marc:subfield>
            <marc:subfield code="v">Fiction.</marc:subfield>
        </marc:datafield>
        <marc:datafield tag="650" ind1=" " ind2="0">
            <marc:subfield code="a">Older women</marc:subfield>
            <marc:subfield code="v">Fiction.</marc:subfield>
        </marc:datafield>
        <marc:datafield tag="650" ind1=" " ind2="0">
            <marc:subfield code="a">Private investigators</marc:subfield>
            <marc:subfield code="z">California</marc:subfield>
            <marc:subfield code="z">Los Angeles</marc:subfield>
            <marc:subfield code="v">Fiction.</marc:subfield>
        </marc:datafield>
        <marc:datafield tag="651" ind1=" " ind2="0">
            <marc:subfield code="a">Hollywood (Los Angeles, Calif.)</marc:subfield>
            <marc:subfield code="v">Fiction.</marc:subfield>
        </marc:datafield>
        <marc:datafield tag="655" ind1=" " ind2="7">
            <marc:subfield code="a">Mystery fiction.</marc:subfield>
            <marc:subfield code="2">gsafd</marc:subfield>
        </marc:datafield>
        <marc:datafield tag="856" ind1="4" ind2="2">
            <marc:subfield code="3">Publisher description</marc:subfield>
            <marc:subfield code="u">http://www.loc.gov/catdir/description/hc041/2002026416.html</marc:subfield>
        </marc:datafield>
        <marc:datafield tag="906" ind1=" " ind2=" ">
            <marc:subfield code="a">7</marc:subfield>
            <marc:subfield code="b">cbc</marc:subfield>
            <marc:subfield code="c">orignew</marc:subfield>
            <marc:subfield code="d">1</marc:subfield>
            <marc:subfield code="e">ocip</marc:subfield>
            <marc:subfield code="f">20</marc:subfield>
            <marc:subfield code="g">y-gencatlg</marc:subfield>
        </marc:datafield>
        <marc:datafield tag="925" ind1="0" ind2=" ">
            <marc:subfield code="a">acquire</marc:subfield>
            <marc:subfield code="b">1 shelf copy</marc:subfield>
            <marc:subfield code="x">policy default</marc:subfield>
        </marc:datafield>
        <marc:datafield tag="925" ind1="1" ind2=" ">
            <marc:subfield code="a">acquire</marc:subfield>
            <marc:subfield code="b">2 shelf copies</marc:subfield>
            <marc:subfield code="x">policy default</marc:subfield>
        </marc:datafield>
        <marc:datafield tag="955" ind1=" " ind2=" ">
            <marc:subfield code="a">pc20 2002-06-19 to HLCD</marc:subfield>
            <marc:subfield code="c">lh03 2002-06-21</marc:subfield>
            <marc:subfield code="d">lh06 2002-06-24</marc:subfield>
            <marc:subfield code="e">lk13 2002-06-25 to Dewey;</marc:subfield>
            <marc:subfield code="a">aa11 2002-06-26</marc:subfield>
            <marc:subfield code="a">ps17 2003-02-27 1 copy rec'd., to CIP ver.</marc:subfield>
            <marc:subfield code="f">lh08 2003-03-14</marc:subfield>
            <marc:subfield code="g">lh08 2003-03-14; to BCCD (2 copies)</marc:subfield>
        </marc:datafield>
    </marc:record>