
    <marc:record>
        <marc:leader>01697cam a2200301 a 4500</marc:leader>
        <marc:controlfield tag="001">15095666</marc:controlfield>
        <marc:controlfield tag="005">20120606120343.0</marc:controlfield>
        <marc:controlfield tag="008">071128s2006    coua          000 1 eng  </marc:controlfield>
        <marc:datafield tag="010" ind1=" " ind2=" ">
            <marc:subfield code="a">  2007282052</marc:subfield>
        </marc:datafield>
        <marc:datafield tag="020" ind1=" " ind2=" ">
            <marc:subfield code="a">1887368868</marc:subfield>
        </marc:datafield>
        <marc:datafield tag="020" ind1=" " ind2=" ">
            <marc:subfield code="a">9781887368865</marc:subfield>
        </marc:datafield>
        <marc:datafield tag="040" ind1=" " ind2=" ">
            <marc:subfield code="a">DLC</marc:subfield>
            <marc:subfield code="c">DLC</marc:subfield>
            <marc:subfield code="d">DLC</marc:subfield>
        </marc:datafield>
        <marc:datafield tag="050" ind1="0" ind2="0">
            <marc:subfield code="a">PS3503.R167</marc:subfield>
            <marc:subfield code="b">M38 2006</marc:subfield>
        </marc:datafield>
        <marc:datafield tag="082" ind1="0" ind2="0">
            <marc:subfield code="a">813/.54</marc:subfield>
            <marc:subfield code="2">22</marc:subfield>
        </marc:datafield>
        <marc:datafield tag="100" ind1="1" ind2=" ">
            <marc:subfield code="a">Bradbury, Ray,</marc:subfield>
            <marc:subfield code="d">1920-2012.</marc:subfield>
        </marc:datafield>
        <marc:datafield tag="245" ind1="1" ind2="0">
            <marc:subfield code="a">Match to flame :</marc:subfield>
            <marc:subfield code="b">the fictional paths to Fahrenheit 451 /</marc:subfield>
            <marc:subfield code="c">Ray Bradbury ; Donn Albright, editor, Jon Eller, textual editor.</marc:subfield>
        </marc:datafield>
        <marc:datafield tag="250" ind1=" " ind2=" ">
            <marc:subfield code="a">1st ed.</marc:subfield>
        </marc:datafield>
        <marc:datafield tag="260" ind1=" " ind2=" ">
            <marc:subfield code="a">Colorado Springs, Colo. :</marc:subfield>
            <marc:subfield code="b">Gauntlet Publications,</marc:subfield>
            <marc:subfield code="c">2006.</marc:subfield>
        </marc:datafield>
        <marc:datafield tag="300" ind1=" " ind2=" ">
            <marc:subfield code="a">484 p. :</marc:subfield>
            <marc:subfield code="b">ill. ;</marc:subfield>
            <marc:subfield code="c">24 cm.</marc:subfield>
        </marc:datafield>
        <marc:datafield tag="500" ind1=" " ind2=" ">
            <marc:subfield code="a">LC copy signed by author (copy 2)</marc:subfield>
            <marc:subfield code="5">DLC</marc:subfield>
        </marc:datafield>
        <marc:datafield tag="500" ind1=" " ind2=" ">
            <marc:subfield code="a">Limited edition of 750 copies.</marc:subfield>
        </marc:datafield>
        <marc:datafield tag="505" ind1="0" ind2=" ">
            <marc:subfield code="a">Preface -- Foreword -- Introduction -- Textual essay -- The reincarnate -- Pillar of fire -- The library -- Bright phoenix -- Tiger, tiger, burning bright (facsimile) -- The mad wizards of Mars -- Carnival of madness -- The mechanical hound (facsimile) -- Bonfire -- Ancillary correspondence -- Bonfire (facsimile) -- The cricket on the hearth -- Cricket on the hearth (facsimile) -- The pedestrian -- The garbage collector -- The smile -- Where ignorant armies clash by night -- Commentary / Donn Albright -- Long after midnight -- The fireman.</marc:subfield>
        </marc:datafield>
        <marc:datafield tag="655" ind1=" " ind2="7">
            <marc:subfield code="a">Science fiction.</marc:subfield>
            <marc:subfield code="2">gsafd</marc:subfield>
        </marc:datafield>
        <marc:datafield tag="700" ind1="1" ind2=" ">
            <marc:subfield code="a">Albright, Donn.</marc:subfield>
        </marc:datafield>
        <marc:datafield tag="700" ind1="1" ind2=" ">
            <marc:subfield code="a">Eller, Jonathan R.,</marc:subfield>
            <marc:subfield code="d">1952-</marc:subfield>
        </marc:datafield>
        <marc:datafield tag="906" ind1=" " ind2=" ">
            <marc:subfield code="a">7</marc:subfield>
            <marc:subfield code="b">cbc</marc:subfield>
            <marc:subfield code="c">origres</marc:subfield>
            <marc:subfield code="d">2</marc:subfield>
            <marc:subfield code="e">ncip</marc:subfield>
            <marc:subfield code="f">20</marc:subfield>
            <marc:subfield code="g">y-gencatlg</marc:subfield>
        </marc:datafield>
        <marc:datafield tag="925" ind1="0" ind2=" ">
            <marc:subfield code="a">acquire</marc:subfield>
            <marc:subfield code="b">2 shelf copies</marc:subfield>
            <marc:subfield code="x">policy default</marc:subfield>
        </marc:datafield>
        <marc:datafield tag="955" ind1=" " ind2=" ">
            <marc:subfield code="a">pv12 2007-11-28 z-processor to HLCD</marc:subfield>
            <marc:subfield code="a">lh00 2007-12-05 ;</marc:subfield>
            <marc:subfield code="a">pv12 2007-12-07 copy 2 to HLCD</marc:subfield>
            <marc:subfield code="c">lk19 2008-01-08</marc:subfield>
            <marc:subfield code="d">lh44 2008-01-15</marc:subfield>
            <marc:subfield code="e">lh44 2008-01-15 (2 copies) to BCCD</marc:subfield>
        </marc:datafield>
    </marc:record>