
    <marc:record>
        <marc:leader>00863cam a2200217 a 4500</marc:leader>
        <marc:controlfield tag="001">12399257</marc:controlfield>
        <marc:controlfield tag="005">20140911101036.0</marc:controlfield>
        <marc:controlfield tag="008">010504s2002    nyu           000 1 eng  </marc:controlfield>
        <marc:datafield tag="010" ind1=" " ind2=" ">
            <marc:subfield code="a">  2001026384</marc:subfield>
        </marc:datafield>
        <marc:datafield tag="020" ind1=" " ind2=" ">
            <marc:subfield code="a">0066211069 (alk. paper)</marc:subfield>
        </marc:datafield>
        <marc:datafield tag="040" ind1=" " ind2=" ">
            <marc:subfield code="a">DLC</marc:subfield>
            <marc:subfield code="c">DLC</marc:subfield>
            <marc:subfield code="d">DLC</marc:subfield>
        </marc:datafield>
        <marc:datafield tag="050" ind1="0" ind2="0">
            <marc:subfield code="a">PS3503.R167</marc:subfield>
            <marc:subfield code="b">O54 2002</marc:subfield>
        </marc:datafield>
        <marc:datafield tag="082" ind1="0" ind2="0">
            <marc:subfield code="a">813/.54</marc:subfield>
            <marc:subfield code="2">21</marc:subfield>
        </marc:datafield>
        <marc:datafield tag="100" ind1="1" ind2=" ">
            <marc:subfield code="a">Bradbury, Ray,</marc:subfield>
            <marc:subfield code="d">1920-2012.</marc:subfield>
        </marc:datafield>
        <marc:datafield tag="245" ind1="1" ind2="0">
            <marc:subfield code="a">One more for the road :</marc:subfield>
            <marc:subfield code="b">a new story collection /</marc:subfield>
            <marc:subfield code="c">by Ray Bradbury.</marc:subfield>
        </marc:datafield>
        <marc:datafield tag="250" ind1=" " ind2=" ">
            <marc:subfield code="a">1st ed.</marc:subfield>
        </marc:datafield>
        <marc:datafield tag="260" ind1=" " ind2=" ">
            <marc:subfield code="a">New York :</marc:subfield>
            <marc:subfield code="b">W. Morrow,</marc:subfield>
            <marc:subfield code="c">c2002.</marc:subfield>
        </marc:datafield>
        <marc:datafield tag="300" ind1=" " ind2=" ">
            <marc:subfield code="a">289 p. ;</marc:subfield>
            <marc:subfield code="c">22 cm.</marc:subfield>
        </marc:datafield>
        <marc:datafield tag="906" ind1=" " ind2=" ">
            <marc:subfield code="a">7</marc:subfield>
            <marc:subfield code="b">cbc</marc:subfield>
            <marc:subfield code="c">orignew</marc:subfield>
            <marc:subfield code="d">1</marc:subfield>
            <marc:subfield code="e">ocip</marc:subfield>
            <marc:subfield code="f">20</marc:subfield>
            <marc:subfield code="g">y-gencatlg</marc:subfield>
        </marc:datafield>
        <marc:datafield tag="925" ind1="0" ind2=" ">
            <marc:subfield code="a">acquire</marc:subfield>
            <marc:subfield code="b">2 shelf copies</marc:subfield>
            <marc:subfield code="x">AY, 2014-09-11</marc:subfield>
        </marc:datafield>
        <marc:datafield tag="955" ind1=" " ind2=" ">
            <marc:subfield code="a">to HLCD pc1405-04-01 ; lh04 to subj. 05-07-01; lh06 05-08-01; lk13 received for shelflisting 05/09/01; to Dewey 05-09-01; aa15 05-14-01</marc:subfield>
            <marc:subfield code="a">ps07  2002-05-21 bk rec'd, to CIP ver.</marc:subfield>
            <marc:subfield code="f">pv10 2002-05-24 CIP ver to BCCD</marc:subfield>
        </marc:datafield>
    </marc:record>