
    <marc:record>
        <marc:leader>01609cim a2200349 a 4500</marc:leader>
        <marc:controlfield tag="001">5792268</marc:controlfield>
        <marc:controlfield tag="005">20180509161830.0</marc:controlfield>
        <marc:controlfield tag="007">st|osndmbnnnue</marc:controlfield>
        <marc:controlfield tag="008">980709s1982    dcunnn         pl   eng  </marc:controlfield>
        <marc:datafield tag="010" ind1=" " ind2=" ">
            <marc:subfield code="a">   98704557 </marc:subfield>
        </marc:datafield>
        <marc:datafield tag="033" ind1="0" ind2=" ">
            <marc:subfield code="a">19820426</marc:subfield>
            <marc:subfield code="b">3850</marc:subfield>
        </marc:datafield>
        <marc:datafield tag="035" ind1=" " ind2=" ">
            <marc:subfield code="9">(DLC)   98704557</marc:subfield>
        </marc:datafield>
        <marc:datafield tag="040" ind1=" " ind2=" ">
            <marc:subfield code="a">DLC</marc:subfield>
            <marc:subfield code="c">DLC</marc:subfield>
            <marc:subfield code="d">DLC</marc:subfield>
        </marc:datafield>
        <marc:datafield tag="050" ind1="0" ind2="0">
            <marc:subfield code="a">RWA 3021-3022(preservation master)</marc:subfield>
        </marc:datafield>
        <marc:datafield tag="100" ind1="1" ind2=" ">
            <marc:subfield code="a">Bradbury, Ray,</marc:subfield>
            <marc:subfield code="d">1920-2012.</marc:subfield>
        </marc:datafield>
        <marc:datafield tag="245" ind1="1" ind2="0">
            <marc:subfield code="a">Ray Bradbury reading his poems and giving a lecture entitled Beyond 1984, what to do when the doom doesn't arrive!</marc:subfield>
            <marc:subfield code="h">[sound recording].</marc:subfield>
        </marc:datafield>
        <marc:datafield tag="246" ind1="3" ind2="0">
            <marc:subfield code="a">Beyond, 1984, what to do when the doom doesn't arrive</marc:subfield>
        </marc:datafield>
        <marc:datafield tag="260" ind1=" " ind2=" ">
            <marc:subfield code="c">1982.</marc:subfield>
        </marc:datafield>
        <marc:datafield tag="300" ind1=" " ind2=" ">
            <marc:subfield code="a">2 sound tape reels (72 min., 25 sec.) :</marc:subfield>
            <marc:subfield code="b">analog, 7 1/2 ips, 2 track, stereo. ;</marc:subfield>
            <marc:subfield code="c">10 in.</marc:subfield>
        </marc:datafield>
        <marc:datafield tag="306" ind1=" " ind2=" ">
            <marc:subfield code="a">011225</marc:subfield>
        </marc:datafield>
        <marc:datafield tag="500" ind1=" " ind2=" ">
            <marc:subfield code="a">Recorded for the Archive of Recorded Poetry and Literature.</marc:subfield>
        </marc:datafield>
        <marc:datafield tag="500" ind1=" " ind2=" ">
            <marc:subfield code="a">Sponsored by the Gertrude Clarke Whittall Poetry and Literature Fund, Library of Congress, Washington, D.C.</marc:subfield>
        </marc:datafield>
        <marc:datafield tag="518" ind1=" " ind2=" ">
            <marc:subfield code="a">Recorded Apr. 26, 1982, in the Coolidge Auditorium, Library of Congress, Washington, D.C.</marc:subfield>
        </marc:datafield>
        <marc:datafield tag="530" ind1=" " ind2=" ">
            <marc:subfield code="a">Also available in digital form on the Library of Congress Web site.</marc:subfield>
        </marc:datafield>
        <marc:datafield tag="650" ind1=" " ind2="0">
            <marc:subfield code="a">Science fiction, American</marc:subfield>
            <marc:subfield code="x">History and criticism.</marc:subfield>
        </marc:datafield>
        <marc:datafield tag="710" ind1="2" ind2=" ">
            <marc:subfield code="a">Archive of Recorded Poetry and Literature (Library of Congress)</marc:subfield>
        </marc:datafield>
        <marc:datafield tag="710" ind1="2" ind2=" ">
            <marc:subfield code="a">Gertrude Clarke Whittall Poetry and Literature Fund.</marc:subfield>
        </marc:datafield>
        <marc:datafield tag="856" ind1="4" ind2="1">
            <marc:subfield code="d">gdcarpl</marc:subfield>
            <marc:subfield code="f">1624991-3-1</marc:subfield>
            <marc:subfield code="u">http://hdl.loc.gov/loc.mbrsrs/poetryarch.98704557</marc:subfield>
        </marc:datafield>
        <marc:datafield tag="906" ind1=" " ind2=" ">
            <marc:subfield code="a">7</marc:subfield>
            <marc:subfield code="b">cbc</marc:subfield>
            <marc:subfield code="c">orignew</marc:subfield>
            <marc:subfield code="d">2</marc:subfield>
            <marc:subfield code="e">ncip</marc:subfield>
            <marc:subfield code="f">19</marc:subfield>
            <marc:subfield code="g">y-genmusic</marc:subfield>
        </marc:datafield>
        <marc:datafield tag="953" ind1=" " ind2=" ">
            <marc:subfield code="a">TA28</marc:subfield>
        </marc:datafield>
        <marc:datafield tag="985" ind1=" " ind2=" ">
            <marc:subfield code="a">poetryarch</marc:subfield>
        </marc:datafield>
        <marc:datafield tag="991" ind1=" " ind2=" ">
            <marc:subfield code="b">c-RecSound</marc:subfield>
            <marc:subfield code="h">RWA 3021-3022(preservation master)</marc:subfield>
            <marc:subfield code="w">MUSIC</marc:subfield>
        </marc:datafield>
    </marc:record>