
    <marc:record>
        <marc:leader>00950cam a2200253 i 4500</marc:leader>
        <marc:controlfield tag="001">1296193</marc:controlfield>
        <marc:controlfield tag="005">20120606120217.0</marc:controlfield>
        <marc:controlfield tag="008">770311s1976    enk           000 1 eng  </marc:controlfield>
        <marc:datafield tag="010" ind1=" " ind2=" ">
            <marc:subfield code="a">   76383964 </marc:subfield>
        </marc:datafield>
        <marc:datafield tag="015" ind1=" " ind2=" ">
            <marc:subfield code="a">GB76-05211</marc:subfield>
        </marc:datafield>
        <marc:datafield tag="020" ind1=" " ind2=" ">
            <marc:subfield code="a">0586042288 :</marc:subfield>
            <marc:subfield code="c">0.50</marc:subfield>
        </marc:datafield>
        <marc:datafield tag="035" ind1=" " ind2=" ">
            <marc:subfield code="9">(DLC)   76383964</marc:subfield>
        </marc:datafield>
        <marc:datafield tag="040" ind1=" " ind2=" ">
            <marc:subfield code="a">DLC</marc:subfield>
            <marc:subfield code="c">DLC</marc:subfield>
            <marc:subfield code="d">DLC</marc:subfield>
        </marc:datafield>
        <marc:datafield tag="050" ind1="0" ind2="0">
            <marc:subfield code="a">PZ3.B72453</marc:subfield>
            <marc:subfield code="b">Sm6</marc:subfield>
            <marc:subfield code="a">PS3503.R167</marc:subfield>
        </marc:datafield>
        <marc:datafield tag="082" ind1="0" ind2="0">
            <marc:subfield code="a">813/.5/4</marc:subfield>
        </marc:datafield>
        <marc:datafield tag="100" ind1="1" ind2=" ">
            <marc:subfield code="a">Bradbury, Ray,</marc:subfield>
            <marc:subfield code="d">1920-2012.</marc:subfield>
        </marc:datafield>
        <marc:datafield tag="245" ind1="1" ind2="4">
            <marc:subfield code="a">The small assassin /</marc:subfield>
            <marc:subfield code="c">Ray Bradbury.</marc:subfield>
        </marc:datafield>
        <marc:datafield tag="260" ind1=" " ind2=" ">
            <marc:subfield code="a">St. Albans :</marc:subfield>
            <marc:subfield code="b">Panther,</marc:subfield>
            <marc:subfield code="c">1976.</marc:subfield>
        </marc:datafield>
        <marc:datafield tag="300" ind1=" " ind2=" ">
            <marc:subfield code="a">3-174 p. ;</marc:subfield>
            <marc:subfield code="c">18 cm.</marc:subfield>
        </marc:datafield>
        <marc:datafield tag="505" ind1="0" ind2=" ">
            <marc:subfield code="a">The small assassin.--The next in line.--The lake.--The crowd.--Jack-in-the-box.--The man upstairs.--The cistern.--The tombstone.--The smiling people.--The handler.--Let's play &quot;poison&quot;.--The night.--The dead man.</marc:subfield>
        </marc:datafield>
        <marc:datafield tag="650" ind1=" " ind2="0">
            <marc:subfield code="a">Science fiction, American.</marc:subfield>
        </marc:datafield>
        <marc:datafield tag="906" ind1=" " ind2=" ">
            <marc:subfield code="a">7</marc:subfield>
            <marc:subfield code="b">cbc</marc:subfield>
            <marc:subfield code="c">orignew</marc:subfield>
            <marc:subfield code="d">3</marc:subfield>
            <marc:subfield code="e">ncip</marc:subfield>
            <marc:subfield code="f">19</marc:subfield>
            <marc:subfield code="g">y-gencatlg</marc:subfield>
        </marc:datafield>
        <marc:datafield tag="984" ind1=" " ind2=" ">
            <marc:subfield code="a">gsl</marc:subfield>
        </marc:datafield>
        <marc:datafield tag="991" ind1=" " ind2=" ">
            <marc:subfield code="b">c-GenColl</marc:subfield>
            <marc:subfield code="h">PZ3.B72453</marc:subfield>
            <marc:subfield code="i">Sm6</marc:subfield>
            <marc:subfield code="p">00018445694</marc:subfield>
            <marc:subfield code="t">Copy 1</marc:subfield>
            <marc:subfield code="w">BOOKS</marc:subfield>
        </marc:datafield>
    </marc:record>