
    <marc:record>
        <marc:leader>01127cam a2200325 a 4500</marc:leader>
        <marc:controlfield tag="001">587804</marc:controlfield>
        <marc:controlfield tag="005">20120606120158.0</marc:controlfield>
        <marc:controlfield tag="008">900521r19881962ctu           000 1 eng  </marc:controlfield>
        <marc:datafield tag="010" ind1=" " ind2=" ">
            <marc:subfield code="a">   90158068 </marc:subfield>
        </marc:datafield>
        <marc:datafield tag="035" ind1=" " ind2=" ">
            <marc:subfield code="9">(DLC)   90158068</marc:subfield>
        </marc:datafield>
        <marc:datafield tag="040" ind1=" " ind2=" ">
            <marc:subfield code="a">DLC</marc:subfield>
            <marc:subfield code="c">DLC</marc:subfield>
            <marc:subfield code="d">DLC</marc:subfield>
        </marc:datafield>
        <marc:datafield tag="050" ind1="0" ind2="0">
            <marc:subfield code="a">PS3503.R167</marc:subfield>
            <marc:subfield code="b">S66 1988</marc:subfield>
        </marc:datafield>
        <marc:datafield tag="082" ind1="0" ind2="0">
            <marc:subfield code="a">813/.54</marc:subfield>
            <marc:subfield code="2">20</marc:subfield>
        </marc:datafield>
        <marc:datafield tag="100" ind1="1" ind2=" ">
            <marc:subfield code="a">Bradbury, Ray,</marc:subfield>
            <marc:subfield code="d">1920-2012.</marc:subfield>
        </marc:datafield>
        <marc:datafield tag="245" ind1="1" ind2="0">
            <marc:subfield code="a">Something wicked this way comes /</marc:subfield>
            <marc:subfield code="c">Ray Bradbury ; illustrated by Joseph Mugnaini.</marc:subfield>
        </marc:datafield>
        <marc:datafield tag="250" ind1=" " ind2=" ">
            <marc:subfield code="a">Collector's ed.</marc:subfield>
        </marc:datafield>
        <marc:datafield tag="260" ind1=" " ind2=" ">
            <marc:subfield code="a">Norwalk, Conn. :</marc:subfield>
            <marc:subfield code="b">Easton Press,</marc:subfield>
            <marc:subfield code="c">c1988.</marc:subfield>
        </marc:datafield>
        <marc:datafield tag="300" ind1=" " ind2=" ">
            <marc:subfield code="a">317 p. ;</marc:subfield>
            <marc:subfield code="c">24 cm.</marc:subfield>
        </marc:datafield>
        <marc:datafield tag="500" ind1=" " ind2=" ">
            <marc:subfield code="a">Originally published: New York : Simon and Schuster, 1962.</marc:subfield>
        </marc:datafield>
        <marc:datafield tag="650" ind1=" " ind2="0">
            <marc:subfield code="a">Boys</marc:subfield>
            <marc:subfield code="v">Fiction.</marc:subfield>
        </marc:datafield>
        <marc:datafield tag="650" ind1=" " ind2="0">
            <marc:subfield code="a">Carnival</marc:subfield>
            <marc:subfield code="v">Fiction.</marc:subfield>
        </marc:datafield>
        <marc:datafield tag="650" ind1=" " ind2="0">
            <marc:subfield code="a">Fathers and sons</marc:subfield>
            <marc:subfield code="v">Fiction.</marc:subfield>
        </marc:datafield>
        <marc:datafield tag="650" ind1=" " ind2="0">
            <marc:subfield code="a">Male friendship</marc:subfield>
            <marc:subfield code="v">Fiction.</marc:subfield>
        </marc:datafield>
        <marc:datafield tag="651" ind1=" " ind2="0">
            <marc:subfield code="a">Illinois</marc:subfield>
            <marc:subfield code="v">Fiction.</marc:subfield>
        </marc:datafield>
        <marc:datafield tag="655" ind1=" " ind2="7">
            <marc:subfield code="a">Bildungsromans.</marc:subfield>
            <marc:subfield code="2">gsafd</marc:subfield>
        </marc:datafield>
        <marc:datafield tag="655" ind1=" " ind2="7">
            <marc:subfield code="a">Horror tales.</marc:subfield>
            <marc:subfield code="2">gsafd</marc:subfield>
        </marc:datafield>
        <marc:datafield tag="906" ind1=" " ind2=" ">
            <marc:subfield code="a">7</marc:subfield>
            <marc:subfield code="b">cbc</marc:subfield>
            <marc:subfield code="c">orignew</marc:subfield>
            <marc:subfield code="d">2</marc:subfield>
            <marc:subfield code="e">ncip</marc:subfield>
            <marc:subfield code="f">19</marc:subfield>
            <marc:subfield code="g">y-gencatlg</marc:subfield>
        </marc:datafield>
        <marc:datafield tag="922" ind1=" " ind2=" ">
            <marc:subfield code="a">co</marc:subfield>
        </marc:datafield>
        <marc:datafield tag="955" ind1=" " ind2=" ">
            <marc:subfield code="a">bx57 to bc00 05-21-90; bc26 to SCD 05-31-90; fc11 06-08-90; fm41 06-29-90</marc:subfield>
        </marc:datafield>
        <marc:datafield tag="991" ind1=" " ind2=" ">
            <marc:subfield code="b">c-GenColl</marc:subfield>
            <marc:subfield code="h">PS3503.R167</marc:subfield>
            <marc:subfield code="i">S66 1988</marc:subfield>
            <marc:subfield code="p">00010189226</marc:subfield>
            <marc:subfield code="t">Copy 1</marc:subfield>
            <marc:subfield code="w">BOOKS</marc:subfield>
        </marc:datafield>
    </marc:record>