
    <marc:record>
        <marc:leader>00801cam a2200241 i 4500</marc:leader>
        <marc:controlfield tag="001">881306</marc:controlfield>
        <marc:controlfield tag="005">20140922112946.0</marc:controlfield>
        <marc:controlfield tag="008">800402s1980    nyu           000 1 eng  </marc:controlfield>
        <marc:datafield tag="010" ind1=" " ind2=" ">
            <marc:subfield code="a">   80007655 </marc:subfield>
        </marc:datafield>
        <marc:datafield tag="020" ind1=" " ind2=" ">
            <marc:subfield code="a">0394513355 :</marc:subfield>
            <marc:subfield code="c">$17.95</marc:subfield>
        </marc:datafield>
        <marc:datafield tag="035" ind1=" " ind2=" ">
            <marc:subfield code="9">(DLC)   80007655</marc:subfield>
        </marc:datafield>
        <marc:datafield tag="040" ind1=" " ind2=" ">
            <marc:subfield code="a">DLC</marc:subfield>
            <marc:subfield code="c">DLC</marc:subfield>
            <marc:subfield code="d">DLC</marc:subfield>
        </marc:datafield>
        <marc:datafield tag="050" ind1="0" ind2="0">
            <marc:subfield code="a">PS3503.R167</marc:subfield>
            <marc:subfield code="b">A6 1980</marc:subfield>
        </marc:datafield>
        <marc:datafield tag="082" ind1="0" ind2="0">
            <marc:subfield code="a">813/.54</marc:subfield>
        </marc:datafield>
        <marc:datafield tag="100" ind1="1" ind2=" ">
            <marc:subfield code="a">Bradbury, Ray,</marc:subfield>
            <marc:subfield code="d">1920-2012.</marc:subfield>
        </marc:datafield>
        <marc:datafield tag="245" ind1="1" ind2="4">
            <marc:subfield code="a">The stories of Ray Bradbury /</marc:subfield>
            <marc:subfield code="c">with an introd. by the author.</marc:subfield>
        </marc:datafield>
        <marc:datafield tag="250" ind1=" " ind2=" ">
            <marc:subfield code="a">1st ed.</marc:subfield>
        </marc:datafield>
        <marc:datafield tag="260" ind1=" " ind2=" ">
            <marc:subfield code="a">New York :</marc:subfield>
            <marc:subfield code="b">Knopf : distributed by Random House,</marc:subfield>
            <marc:subfield code="c">1980.</marc:subfield>
        </marc:datafield>
        <marc:datafield tag="300" ind1=" " ind2=" ">
            <marc:subfield code="a">xx, 884 p. ;</marc:subfield>
            <marc:subfield code="c">24 cm.</marc:subfield>
        </marc:datafield>
        <marc:datafield tag="650" ind1=" " ind2="0">
            <marc:subfield code="a">Science fiction, American.</marc:subfield>
        </marc:datafield>
        <marc:datafield tag="906" ind1=" " ind2=" ">
            <marc:subfield code="a">7</marc:subfield>
            <marc:subfield code="b">cbc</marc:subfield>
            <marc:subfield code="c">orignew</marc:subfield>
            <marc:subfield code="d">1</marc:subfield>
            <marc:subfield code="e">ocip</marc:subfield>
            <marc:subfield code="f">19</marc:subfield>
            <marc:subfield code="g">y-gencatlg</marc:subfield>
        </marc:datafield>
        <marc:datafield tag="925" ind1="0" ind2=" ">
            <marc:subfield code="a">acquire</marc:subfield>
            <marc:subfield code="b">1 shelf copy</marc:subfield>
            <marc:subfield code="x">policy default</marc:subfield>
        </marc:datafield>
        <marc:datafield tag="991" ind1=" " ind2=" ">
            <marc:subfield code="b">c-GenColl</marc:subfield>
            <marc:subfield code="h">PS3503.R167</marc:subfield>
            <marc:subfield code="i">A6 1980</marc:subfield>
            <marc:subfield code="p">00000520524</marc:subfield>
            <marc:subfield code="t">Copy 1</marc:subfield>
            <marc:subfield code="w">BOOKS</marc:subfield>
        </marc:datafield>
    </marc:record>