
    <marc:record>
        <marc:leader>01806cam a2200445 i 4500</marc:leader>
        <marc:controlfield tag="001">16198954</marc:controlfield>
        <marc:controlfield tag="005">20130808152339.0</marc:controlfield>
        <marc:controlfield tag="008">100422s2010    nyu      b    000 j eng  </marc:controlfield>
        <marc:datafield tag="010" ind1=" " ind2=" ">
            <marc:subfield code="a">  2010292813</marc:subfield>
        </marc:datafield>
        <marc:datafield tag="015" ind1=" " ind2=" ">
            <marc:subfield code="a">GBB004960</marc:subfield>
            <marc:subfield code="2">bnb</marc:subfield>
        </marc:datafield>
        <marc:datafield tag="016" ind1="7" ind2=" ">
            <marc:subfield code="a">015462780</marc:subfield>
            <marc:subfield code="2">Uk</marc:subfield>
        </marc:datafield>
        <marc:datafield tag="020" ind1=" " ind2=" ">
            <marc:subfield code="a">0307269051</marc:subfield>
        </marc:datafield>
        <marc:datafield tag="020" ind1=" " ind2=" ">
            <marc:subfield code="a">1841593265 (hbk.)</marc:subfield>
        </marc:datafield>
        <marc:datafield tag="020" ind1=" " ind2=" ">
            <marc:subfield code="a">9780307269058 (US)</marc:subfield>
        </marc:datafield>
        <marc:datafield tag="020" ind1=" " ind2=" ">
            <marc:subfield code="a">9781841593265 (UK)</marc:subfield>
        </marc:datafield>
        <marc:datafield tag="035" ind1=" " ind2=" ">
            <marc:subfield code="a">(OCoLC)ocn426793710</marc:subfield>
        </marc:datafield>
        <marc:datafield tag="040" ind1=" " ind2=" ">
            <marc:subfield code="a">UKM</marc:subfield>
            <marc:subfield code="b">eng</marc:subfield>
            <marc:subfield code="c">UKM</marc:subfield>
            <marc:subfield code="d">BTCTA</marc:subfield>
            <marc:subfield code="d">YDXCP</marc:subfield>
            <marc:subfield code="d">KLG</marc:subfield>
            <marc:subfield code="e">rda</marc:subfield>
            <marc:subfield code="d">DLC</marc:subfield>
        </marc:datafield>
        <marc:datafield tag="042" ind1=" " ind2=" ">
            <marc:subfield code="a">pcc</marc:subfield>
        </marc:datafield>
        <marc:datafield tag="050" ind1="0" ind2="0">
            <marc:subfield code="a">PS3503.R167</marc:subfield>
            <marc:subfield code="b">A6 2010</marc:subfield>
        </marc:datafield>
        <marc:datafield tag="082" ind1="0" ind2="4">
            <marc:subfield code="a">813.54</marc:subfield>
            <marc:subfield code="2">22</marc:subfield>
        </marc:datafield>
        <marc:datafield tag="100" ind1="1" ind2=" ">
            <marc:subfield code="a">Bradbury, Ray,</marc:subfield>
            <marc:subfield code="d">1920-2012.</marc:subfield>
        </marc:datafield>
        <marc:datafield tag="240" ind1="1" ind2="0">
            <marc:subfield code="a">Short stories.</marc:subfield>
            <marc:subfield code="k">Selections</marc:subfield>
        </marc:datafield>
        <marc:datafield tag="245" ind1="1" ind2="4">
            <marc:subfield code="a">The stories of Ray Bradbury /</marc:subfield>
            <marc:subfield code="c">with an introduction by Christopher Buckley.</marc:subfield>
        </marc:datafield>
        <marc:datafield tag="264" ind1=" " ind2="1">
            <marc:subfield code="a">New York :</marc:subfield>
            <marc:subfield code="b">Alfred A. Knopf,</marc:subfield>
            <marc:subfield code="c">2010.</marc:subfield>
        </marc:datafield>
        <marc:datafield tag="300" ind1=" " ind2=" ">
            <marc:subfield code="a">xliii, 1059 pages ;</marc:subfield>
            <marc:subfield code="c">21 cm.</marc:subfield>
        </marc:datafield>
        <marc:datafield tag="336" ind1=" " ind2=" ">
            <marc:subfield code="a">text</marc:subfield>
            <marc:subfield code="2">rdacontent</marc:subfield>
        </marc:datafield>
        <marc:datafield tag="337" ind1=" " ind2=" ">
            <marc:subfield code="a">unmediated</marc:subfield>
            <marc:subfield code="2">rdamedia</marc:subfield>
        </marc:datafield>
        <marc:datafield tag="338" ind1=" " ind2=" ">
            <marc:subfield code="a">volume</marc:subfield>
            <marc:subfield code="2">rdacarrier</marc:subfield>
        </marc:datafield>
        <marc:datafield tag="490" ind1="0" ind2=" ">
            <marc:subfield code="a">Everyman's library ;</marc:subfield>
            <marc:subfield code="v">326</marc:subfield>
        </marc:datafield>
        <marc:datafield tag="504" ind1=" " ind2=" ">
            <marc:subfield code="a">Includes bibliographical references (p. xvii).</marc:subfield>
        </marc:datafield>
        <marc:datafield tag="650" ind1=" " ind2="0">
            <marc:subfield code="a">Fantasy fiction, American.</marc:subfield>
        </marc:datafield>
        <marc:datafield tag="650" ind1=" " ind2="0">
            <marc:subfield code="a">Science fiction, American.</marc:subfield>
        </marc:datafield>
        <marc:datafield tag="700" ind1="1" ind2=" ">
            <marc:subfield code="a">Buckley, Christopher,</marc:subfield>
            <marc:subfield code="d">1952-</marc:subfield>
        </marc:datafield>
        <marc:datafield tag="856" ind1="4" ind2="1">
            <marc:subfield code="3">Sample text</marc:subfield>
            <marc:subfield code="u">http://www.loc.gov/catdir/enhancements/fy1008/2010292813-s.html</marc:subfield>
        </marc:datafield>
        <marc:datafield tag="856" ind1="4" ind2="1">
            <marc:subfield code="3">Table of contents only</marc:subfield>
            <marc:subfield code="u">http://www.loc.gov/catdir/enhancements/fy1008/2010292813-t.html</marc:subfield>
        </marc:datafield>
        <marc:datafield tag="856" ind1="4" ind2="2">
            <marc:subfield code="3">Contributor biographical information</marc:subfield>
            <marc:subfield code="u">http://www.loc.gov/catdir/enhancements/fy1008/2010292813-b.html</marc:subfield>
        </marc:datafield>
        <marc:datafield tag="856" ind1="4" ind2="2">
            <marc:subfield code="3">Publisher description</marc:subfield>
            <marc:subfield code="u">http://www.loc.gov/catdir/enhancements/fy1008/2010292813-d.html</marc:subfield>
        </marc:datafield>
        <marc:datafield tag="906" ind1=" " ind2=" ">
            <marc:subfield code="a">7</marc:subfield>
            <marc:subfield code="b">cbc</marc:subfield>
            <marc:subfield code="c">copycat</marc:subfield>
            <marc:subfield code="d">2</marc:subfield>
            <marc:subfield code="e">ncip</marc:subfield>
            <marc:subfield code="f">20</marc:subfield>
            <marc:subfield code="g">y-gencatlg</marc:subfield>
        </marc:datafield>
        <marc:datafield tag="925" ind1="0" ind2=" ">
            <marc:subfield code="a">Acquire</marc:subfield>
            <marc:subfield code="b">2 shelf copies</marc:subfield>
            <marc:subfield code="x">policy default</marc:subfield>
        </marc:datafield>
        <marc:datafield tag="955" ind1=" " ind2=" ">
            <marc:subfield code="b">rg04 2010-04-22 z-processor</marc:subfield>
            <marc:subfield code="b">rg07 2013-06-11 to Rev.</marc:subfield>
            <marc:subfield code="a">rg10 2013-06-12 Reviewed</marc:subfield>
            <marc:subfield code="i">xk15 2013-08-05 (telework) to CALM</marc:subfield>
        </marc:datafield>
    </marc:record>