
    <marc:record>
        <marc:leader>01604cam a2200301 a 4500</marc:leader>
        <marc:controlfield tag="001">1402568</marc:controlfield>
        <marc:controlfield tag="005">20191022153236.0</marc:controlfield>
        <marc:controlfield tag="008">820302s1979    cau           000 0 eng  </marc:controlfield>
        <marc:datafield tag="010" ind1=" " ind2=" ">
            <marc:subfield code="a">   82461604 </marc:subfield>
        </marc:datafield>
        <marc:datafield tag="035" ind1=" " ind2=" ">
            <marc:subfield code="9">(DLC)   82461604</marc:subfield>
        </marc:datafield>
        <marc:datafield tag="040" ind1=" " ind2=" ">
            <marc:subfield code="a">DLC</marc:subfield>
            <marc:subfield code="b">eng</marc:subfield>
            <marc:subfield code="c">DLC</marc:subfield>
            <marc:subfield code="d">DLC</marc:subfield>
        </marc:datafield>
        <marc:datafield tag="050" ind1="0" ind2="0">
            <marc:subfield code="a">PS3503.R167</marc:subfield>
            <marc:subfield code="b">T483</marc:subfield>
        </marc:datafield>
        <marc:datafield tag="051" ind1=" " ind2=" ">
            <marc:subfield code="a">PS3503.R167</marc:subfield>
            <marc:subfield code="b">T483</marc:subfield>
            <marc:subfield code="c">Copy 2.</marc:subfield>
        </marc:datafield>
        <marc:datafield tag="082" ind1="0" ind2="0">
            <marc:subfield code="a">811/.54</marc:subfield>
            <marc:subfield code="2">19</marc:subfield>
        </marc:datafield>
        <marc:datafield tag="100" ind1="1" ind2=" ">
            <marc:subfield code="a">Bradbury, Ray,</marc:subfield>
            <marc:subfield code="d">1920-2012.</marc:subfield>
        </marc:datafield>
        <marc:datafield tag="245" ind1="1" ind2="0">
            <marc:subfield code="a">This attic where the meadow greens /</marc:subfield>
            <marc:subfield code="c">Ray Bradbury.</marc:subfield>
        </marc:datafield>
        <marc:datafield tag="260" ind1=" " ind2=" ">
            <marc:subfield code="a">Northridge, Calif. (19073 Los Alimos St., Northridge, CA 91326) :</marc:subfield>
            <marc:subfield code="b">Lord John Press,</marc:subfield>
            <marc:subfield code="c">1979.</marc:subfield>
        </marc:datafield>
        <marc:datafield tag="300" ind1=" " ind2=" ">
            <marc:subfield code="a">43 p. ;</marc:subfield>
            <marc:subfield code="c">27 cm.</marc:subfield>
        </marc:datafield>
        <marc:datafield tag="500" ind1=" " ind2=" ">
            <marc:subfield code="a">&quot;This first edition ... is limited to three hundred numbered and 75 deluxe copies specially bound, all of which have been signed by the author&quot;--Colophon.</marc:subfield>
        </marc:datafield>
        <marc:datafield tag="500" ind1=" " ind2=" ">
            <marc:subfield code="a">LC has an unnumbered deluxe copy.</marc:subfield>
            <marc:subfield code="5">DLC</marc:subfield>
        </marc:datafield>
        <marc:datafield tag="505" ind1="0" ind2=" ">
            <marc:subfield code="a">Abandon in place -- This attic where the meadow greens -- Poem written at noon while passing through a small town in upper Illinois on June 25th, 1978 -- Melville--a requiem and a warning -- The Shakespeare banquet, the Kipling feast -- Shakespeare the father, Freud the son -- A miracle of Popes, all with one face! -- The bike repairmen -- If peaches could be painters -- Once the years were numerous and the funerals few.</marc:subfield>
        </marc:datafield>
        <marc:datafield tag="906" ind1=" " ind2=" ">
            <marc:subfield code="a">7</marc:subfield>
            <marc:subfield code="b">cbc</marc:subfield>
            <marc:subfield code="c">orignew</marc:subfield>
            <marc:subfield code="d">2</marc:subfield>
            <marc:subfield code="e">ncip</marc:subfield>
            <marc:subfield code="f">19</marc:subfield>
            <marc:subfield code="g">y-gencatlg</marc:subfield>
        </marc:datafield>
        <marc:datafield tag="925" ind1="0" ind2=" ">
            <marc:subfield code="a">acquire</marc:subfield>
            <marc:subfield code="b">2 shelf copies</marc:subfield>
            <marc:subfield code="x">KW, 2016-09-19</marc:subfield>
        </marc:datafield>
        <marc:datafield tag="952" ind1=" " ind2=" ">
            <marc:subfield code="a">LAC scc 2019-10-22 update (2 cards)</marc:subfield>
        </marc:datafield>
        <marc:datafield tag="984" ind1=" " ind2=" ">
            <marc:subfield code="a">rsl</marc:subfield>
            <marc:subfield code="d">2019-10-22</marc:subfield>
        </marc:datafield>
        <marc:datafield tag="985" ind1=" " ind2=" ">
            <marc:subfield code="a">rblacfederal</marc:subfield>
            <marc:subfield code="d">20191022</marc:subfield>
        </marc:datafield>
        <marc:datafield tag="991" ind1=" " ind2=" ">
            <marc:subfield code="b">c-GenColl</marc:subfield>
            <marc:subfield code="h">PS3503.R167</marc:subfield>
            <marc:subfield code="i">T483</marc:subfield>
            <marc:subfield code="t">Copy 1</marc:subfield>
            <marc:subfield code="w">BOOKS</marc:subfield>
        </marc:datafield>
        <marc:datafield tag="991" ind1=" " ind2=" ">
            <marc:subfield code="b">c-RareBook</marc:subfield>
            <marc:subfield code="h">PS3503.R167</marc:subfield>
            <marc:subfield code="i">T483</marc:subfield>
            <marc:subfield code="t">Copy 1</marc:subfield>
            <marc:subfield code="w">BOOKS</marc:subfield>
        </marc:datafield>
    </marc:record>