
    <marc:record>
        <marc:leader>01895cam a2200325 a 4500</marc:leader>
        <marc:controlfield tag="001">15500285</marc:controlfield>
        <marc:controlfield tag="005">20140922083404.0</marc:controlfield>
        <marc:controlfield tag="008">081027s2009    nyu           000 1 eng  </marc:controlfield>
        <marc:datafield tag="010" ind1=" " ind2=" ">
            <marc:subfield code="a">  2008046673</marc:subfield>
        </marc:datafield>
        <marc:datafield tag="020" ind1=" " ind2=" ">
            <marc:subfield code="a">0061670138 (acid-free paper) :</marc:subfield>
            <marc:subfield code="c">$24.99</marc:subfield>
        </marc:datafield>
        <marc:datafield tag="020" ind1=" " ind2=" ">
            <marc:subfield code="a">9780061670138 (acid-free paper) :</marc:subfield>
            <marc:subfield code="c">$24.99</marc:subfield>
        </marc:datafield>
        <marc:datafield tag="035" ind1=" " ind2=" ">
            <marc:subfield code="a">(OCoLC)ocn232977392</marc:subfield>
        </marc:datafield>
        <marc:datafield tag="040" ind1=" " ind2=" ">
            <marc:subfield code="a">DLC</marc:subfield>
            <marc:subfield code="c">DLC</marc:subfield>
            <marc:subfield code="d">BTCTA</marc:subfield>
            <marc:subfield code="d">BAKER</marc:subfield>
            <marc:subfield code="d">YDXCP</marc:subfield>
            <marc:subfield code="d">ZS3</marc:subfield>
            <marc:subfield code="d">ILC</marc:subfield>
            <marc:subfield code="d">C#P</marc:subfield>
            <marc:subfield code="d">CDX</marc:subfield>
            <marc:subfield code="d">ORX</marc:subfield>
            <marc:subfield code="d">IXA</marc:subfield>
            <marc:subfield code="d">VP@</marc:subfield>
            <marc:subfield code="d">JRS</marc:subfield>
            <marc:subfield code="d">CQU</marc:subfield>
            <marc:subfield code="d">DLC</marc:subfield>
        </marc:datafield>
        <marc:datafield tag="050" ind1="0" ind2="0">
            <marc:subfield code="a">PS3503.R167</marc:subfield>
            <marc:subfield code="b">W43 2009</marc:subfield>
        </marc:datafield>
        <marc:datafield tag="082" ind1="0" ind2="0">
            <marc:subfield code="a">813/.54</marc:subfield>
            <marc:subfield code="2">22</marc:subfield>
        </marc:datafield>
        <marc:datafield tag="100" ind1="1" ind2=" ">
            <marc:subfield code="a">Bradbury, Ray,</marc:subfield>
            <marc:subfield code="d">1920-2012.</marc:subfield>
        </marc:datafield>
        <marc:datafield tag="245" ind1="1" ind2="0">
            <marc:subfield code="a">We'll always have Paris :</marc:subfield>
            <marc:subfield code="b">stories /</marc:subfield>
            <marc:subfield code="c">Ray Bradbury.</marc:subfield>
        </marc:datafield>
        <marc:datafield tag="250" ind1=" " ind2=" ">
            <marc:subfield code="a">1st ed.</marc:subfield>
        </marc:datafield>
        <marc:datafield tag="260" ind1=" " ind2=" ">
            <marc:subfield code="a">New York :</marc:subfield>
            <marc:subfield code="b">William Morrow,</marc:subfield>
            <marc:subfield code="c">c2009.</marc:subfield>
        </marc:datafield>
        <marc:datafield tag="300" ind1=" " ind2=" ">
            <marc:subfield code="a">xii, 210 p. ;</marc:subfield>
            <marc:subfield code="c">22 cm.</marc:subfield>
        </marc:datafield>
        <marc:datafield tag="505" ind1="0" ind2="0">
            <marc:subfield code="t">Massinello Pietro --</marc:subfield>
            <marc:subfield code="t">The visit --</marc:subfield>
            <marc:subfield code="t">The twilight greens --</marc:subfield>
            <marc:subfield code="t">The murder --</marc:subfield>
            <marc:subfield code="t">When the bough breaks --</marc:subfield>
            <marc:subfield code="t">We'll always have Paris --</marc:subfield>
            <marc:subfield code="t">Ma Perkins comes to stay --</marc:subfield>
            <marc:subfield code="t">Doubles --</marc:subfield>
            <marc:subfield code="t">Pater Caninus --</marc:subfield>
            <marc:subfield code="t">Arrival and departure --</marc:subfield>
            <marc:subfield code="t">Last laughs --</marc:subfield>
            <marc:subfield code="t">Pieta summer --</marc:subfield>
            <marc:subfield code="t">Fly away home --</marc:subfield>
            <marc:subfield code="t">Un-pillow talk --</marc:subfield>
            <marc:subfield code="t">Come away with me --</marc:subfield>
            <marc:subfield code="t">Apple-core Baltimore --</marc:subfield>
            <marc:subfield code="t">The reincarnate --</marc:subfield>
            <marc:subfield code="t">Remembrance, Ohio --</marc:subfield>
            <marc:subfield code="t">If paths must cross again --</marc:subfield>
            <marc:subfield code="t">Miss Appletree and I --</marc:subfield>
            <marc:subfield code="t">A literary encounter --</marc:subfield>
            <marc:subfield code="t">America.</marc:subfield>
        </marc:datafield>
        <marc:datafield tag="520" ind1=" " ind2=" ">
            <marc:subfield code="a">A new collection of never-before-published stories, in which Bradbury explores the myriad ways to be reborn, the circumstances that can make any man a killer, and returns us to Mars.</marc:subfield>
        </marc:datafield>
        <marc:datafield tag="650" ind1=" " ind2="0">
            <marc:subfield code="a">Poetry.</marc:subfield>
        </marc:datafield>
        <marc:datafield tag="650" ind1=" " ind2="0">
            <marc:subfield code="a">Short stories.</marc:subfield>
        </marc:datafield>
        <marc:datafield tag="655" ind1=" " ind2="7">
            <marc:subfield code="a">Fantasy fiction.</marc:subfield>
            <marc:subfield code="2">gsafd</marc:subfield>
        </marc:datafield>
        <marc:datafield tag="655" ind1=" " ind2="7">
            <marc:subfield code="a">Science fiction.</marc:subfield>
            <marc:subfield code="2">gsafd</marc:subfield>
        </marc:datafield>
        <marc:datafield tag="906" ind1=" " ind2=" ">
            <marc:subfield code="a">7</marc:subfield>
            <marc:subfield code="b">cbc</marc:subfield>
            <marc:subfield code="c">orignew</marc:subfield>
            <marc:subfield code="d">1</marc:subfield>
            <marc:subfield code="e">ecip</marc:subfield>
            <marc:subfield code="f">20</marc:subfield>
            <marc:subfield code="g">y-gencatlg</marc:subfield>
        </marc:datafield>
        <marc:datafield tag="925" ind1="0" ind2=" ">
            <marc:subfield code="a">acquire</marc:subfield>
            <marc:subfield code="b">1 shelf copy</marc:subfield>
            <marc:subfield code="x">policy default</marc:subfield>
        </marc:datafield>
        <marc:datafield tag="925" ind1="1" ind2=" ">
            <marc:subfield code="a">acquire</marc:subfield>
            <marc:subfield code="b">2 shelf copies</marc:subfield>
            <marc:subfield code="x">policy default</marc:subfield>
        </marc:datafield>
        <marc:datafield tag="955" ind1=" " ind2=" ">
            <marc:subfield code="a">rf03 2008-10-27</marc:subfield>
            <marc:subfield code="c">rf03 2008-10-27 to subj.</marc:subfield>
            <marc:subfield code="d">rg03 2008-10-30</marc:subfield>
            <marc:subfield code="e">rg03 2008-10-30 to CIP (Dewey completed)</marc:subfield>
            <marc:subfield code="a">xe06 2009-07-27 2 copies rec'd., to CIP ver.</marc:subfield>
            <marc:subfield code="f">rg05 2009-08-03 Z-CipVer;</marc:subfield>
            <marc:subfield code="t">rg05 2009-08-05 Copy 2 added</marc:subfield>
        </marc:datafield>
    </marc:record>