
    <marc:record>
        <marc:leader>00762cim a2200229u  4500</marc:leader>
        <marc:controlfield tag="001">8113820</marc:controlfield>
        <marc:controlfield tag="005">20120606120315.0</marc:controlfield>
        <marc:controlfield tag="008">850118s1976    cau                      </marc:controlfield>
        <marc:datafield tag="010" ind1=" " ind2=" ">
            <marc:subfield code="a">   78741401 </marc:subfield>
        </marc:datafield>
        <marc:datafield tag="035" ind1=" " ind2=" ">
            <marc:subfield code="9">(DLC)   78741401</marc:subfield>
        </marc:datafield>
        <marc:datafield tag="040" ind1=" " ind2=" ">
            <marc:subfield code="a">DLC</marc:subfield>
            <marc:subfield code="c">CarP</marc:subfield>
            <marc:subfield code="d">DLC</marc:subfield>
        </marc:datafield>
        <marc:datafield tag="050" ind1="0" ind2="0">
            <marc:subfield code="a">LPA 91194</marc:subfield>
        </marc:datafield>
        <marc:datafield tag="100" ind1="1" ind2=" ">
            <marc:subfield code="a">Bradbury, Ray,</marc:subfield>
            <marc:subfield code="d">1920-2012.</marc:subfield>
        </marc:datafield>
        <marc:datafield tag="245" ind1="1" ind2="5">
            <marc:subfield code="a">[The whole town's sleeping] [Sound recording]</marc:subfield>
        </marc:datafield>
        <marc:datafield tag="260" ind1=" " ind2=" ">
            <marc:subfield code="a">[n.p.]</marc:subfield>
            <marc:subfield code="b">American Forces Radio and Television Serivice RU 4-7. 5B</marc:subfield>
            <marc:subfield code="c">[1976]</marc:subfield>
        </marc:datafield>
        <marc:datafield tag="300" ind1=" " ind2=" ">
            <marc:subfield code="a">p. cm.</marc:subfield>
        </marc:datafield>
        <marc:datafield tag="350" ind1=" " ind2=" ">
            <marc:subfield code="a">on side 2 of 1 disc. 33 1/3 rpm. mono. 12 in.</marc:subfield>
        </marc:datafield>
        <marc:datafield tag="700" ind1="1" ind2=" ">
            <marc:subfield code="a">Nolan, Jeanette,</marc:subfield>
            <marc:subfield code="d">1911-1998.</marc:subfield>
        </marc:datafield>
        <marc:datafield tag="730" ind1="0" ind2=" ">
            <marc:subfield code="a">Suspense (Radio program)</marc:subfield>
        </marc:datafield>
        <marc:datafield tag="830" ind1=" " ind2="0">
            <marc:subfield code="a">Adventure theater</marc:subfield>
            <marc:subfield code="v">4.</marc:subfield>
        </marc:datafield>
        <marc:datafield tag="906" ind1=" " ind2=" ">
            <marc:subfield code="a">0</marc:subfield>
            <marc:subfield code="b">cbc</marc:subfield>
            <marc:subfield code="c">premunv</marc:subfield>
            <marc:subfield code="d">u</marc:subfield>
            <marc:subfield code="e">ncip</marc:subfield>
            <marc:subfield code="f">19</marc:subfield>
            <marc:subfield code="g">y-gencatlg</marc:subfield>
        </marc:datafield>
        <marc:datafield tag="991" ind1=" " ind2=" ">
            <marc:subfield code="b">c-GenColl</marc:subfield>
            <marc:subfield code="h">PS3503</marc:subfield>
            <marc:subfield code="i">.R167</marc:subfield>
            <marc:subfield code="t">Copy 1</marc:subfield>
            <marc:subfield code="w">PREM</marc:subfield>
        </marc:datafield>
    </marc:record>