
    <marc:record>
        <marc:leader>03102cam a2200481 i 4500</marc:leader>
        <marc:controlfield tag="001">7930870</marc:controlfield>
        <marc:controlfield tag="005">20230323113507.0</marc:controlfield>
        <marc:controlfield tag="008">720706t19561956ohu           001 0ceng  </marc:controlfield>
        <marc:datafield tag="010" ind1=" " ind2=" ">
            <marc:subfield code="a">   56005311 </marc:subfield>
        </marc:datafield>
        <marc:datafield tag="035" ind1=" " ind2=" ">
            <marc:subfield code="9">(DLC)   56005311</marc:subfield>
        </marc:datafield>
        <marc:datafield tag="040" ind1=" " ind2=" ">
            <marc:subfield code="a">DLC</marc:subfield>
            <marc:subfield code="b">eng</marc:subfield>
            <marc:subfield code="e">rda</marc:subfield>
            <marc:subfield code="c">DLC</marc:subfield>
            <marc:subfield code="d">DLC</marc:subfield>
        </marc:datafield>
        <marc:datafield tag="042" ind1=" " ind2=" ">
            <marc:subfield code="a">pcc</marc:subfield>
        </marc:datafield>
        <marc:datafield tag="050" ind1="0" ind2="0">
            <marc:subfield code="a">PR473</marc:subfield>
            <marc:subfield code="b">.B72</marc:subfield>
        </marc:datafield>
        <marc:datafield tag="051" ind1=" " ind2=" ">
            <marc:subfield code="a">PR473</marc:subfield>
            <marc:subfield code="b">.B72 Copy 3</marc:subfield>
            <marc:subfield code="c">In original dust jacket. Inscribed on front fly-leaf to Stathis Orphanos from Norman Mailer and Budd Schulberg. Inscribed to Orphanos by Ray Bradbury on page 207. Signed by Christopher Isherwood on page 215.</marc:subfield>
        </marc:datafield>
        <marc:datafield tag="082" ind1=" " ind2=" ">
            <marc:subfield code="a">928.2</marc:subfield>
        </marc:datafield>
        <marc:datafield tag="100" ind1="1" ind2=" ">
            <marc:subfield code="a">Breit, Harvey,</marc:subfield>
            <marc:subfield code="e">author.</marc:subfield>
        </marc:datafield>
        <marc:datafield tag="245" ind1="1" ind2="4">
            <marc:subfield code="a">The writer observed /</marc:subfield>
            <marc:subfield code="c">Harvey Breit.</marc:subfield>
        </marc:datafield>
        <marc:datafield tag="250" ind1=" " ind2=" ">
            <marc:subfield code="a">First edition.</marc:subfield>
        </marc:datafield>
        <marc:datafield tag="264" ind1=" " ind2="1">
            <marc:subfield code="a">Cleveland :</marc:subfield>
            <marc:subfield code="b">The World Publishing Company,</marc:subfield>
            <marc:subfield code="c">[1956]</marc:subfield>
        </marc:datafield>
        <marc:datafield tag="264" ind1=" " ind2="4">
            <marc:subfield code="c">1956</marc:subfield>
        </marc:datafield>
        <marc:datafield tag="300" ind1=" " ind2=" ">
            <marc:subfield code="a">286 pages ;</marc:subfield>
            <marc:subfield code="c">22 cm</marc:subfield>
        </marc:datafield>
        <marc:datafield tag="336" ind1=" " ind2=" ">
            <marc:subfield code="a">text</marc:subfield>
            <marc:subfield code="b">txt</marc:subfield>
            <marc:subfield code="2">rdacontent</marc:subfield>
        </marc:datafield>
        <marc:datafield tag="337" ind1=" " ind2=" ">
            <marc:subfield code="a">unmediated</marc:subfield>
            <marc:subfield code="b">n</marc:subfield>
            <marc:subfield code="2">rdamedia</marc:subfield>
        </marc:datafield>
        <marc:datafield tag="338" ind1=" " ind2=" ">
            <marc:subfield code="a">volume</marc:subfield>
            <marc:subfield code="b">nc</marc:subfield>
            <marc:subfield code="2">rdacarrier</marc:subfield>
        </marc:datafield>
        <marc:datafield tag="500" ind1=" " ind2=" ">
            <marc:subfield code="a">Includes index.</marc:subfield>
        </marc:datafield>
        <marc:datafield tag="500" ind1=" " ind2=" ">
            <marc:subfield code="a">Jacket designed by Miriam Wood.</marc:subfield>
        </marc:datafield>
        <marc:datafield tag="505" ind1="0" ind2=" ">
            <marc:subfield code="a">T.S. Eliot -- Robert E. Sherwood -- Evelyn Waugh -- J.P. Marquand -- E.M. Forster -- Arnold Toynbee -- Albert Schweitzer -- Christopher Morley -- Angela Thirkell -- Robert Hillyer -- John O'Hara -- Nelson Algren -- Alan Paton -- Robert Frost -- William Carlos Williams -- Henry Green -- Elizabeth Bowen -- Christine Weston -- Charles Jackson -- Robert Nathan -- Dylan Thomas -- Aldous Huxley -- Robert Penn Warren -- Wilbur Daniel Steele -- Budd Schulberg -- John Dos Passos -- W. Somerset Maugham and Evelyn Waugh -- Frances Parkinson Keyes -- Conrad Aiken -- E.E. Cummings -- James Norman Hall -- Joyce Cary -- Noel Coward -- Cecil Woodham-Smith -- James Jones -- Arthur Koestler -- Helen Macinnes and Gilbert Highet -- J.B. Priestley -- Frank Yerby -- Norman Mailer -- Malcolm Cowley -- Ray Bradbury -- Phyllis McGinley -- Christopher Isherwood -- Van Wyck Brooks -- Jean Stafford -- Mary Roberts Rinehart -- Dylan Thomas -- Truman Capote -- C.S. Forester -- Ralph Ellison -- George Jean Nathan -- Carl Sandburg -- James Thurber -- Frank O'Connor -- Ernest Hemingway -- Edmund Wilson -- Saul Bellow -- Ernest Hemingway -- William Faulkner.</marc:subfield>
        </marc:datafield>
        <marc:datafield tag="510" ind1="4" ind2=" ">
            <marc:subfield code="a">Westby, S. Christopher Isherwood,</marc:subfield>
            <marc:subfield code="c">page 33</marc:subfield>
        </marc:datafield>
        <marc:datafield tag="520" ind1=" " ind2=" ">
            <marc:subfield code="a">&quot;Talks ... originally written for a newspaper; now, with no alterations, they have become the contents of a book&quot;--Page 13.</marc:subfield>
        </marc:datafield>
        <marc:datafield tag="650" ind1=" " ind2="0">
            <marc:subfield code="a">Authors, American</marc:subfield>
            <marc:subfield code="v">Biography.</marc:subfield>
        </marc:datafield>
        <marc:datafield tag="650" ind1=" " ind2="0">
            <marc:subfield code="a">Authors, English</marc:subfield>
            <marc:subfield code="v">Biography.</marc:subfield>
        </marc:datafield>
        <marc:datafield tag="700" ind1="1" ind2=" ">
            <marc:subfield code="a">Bradbury, Ray,</marc:subfield>
            <marc:subfield code="d">1920-2012,</marc:subfield>
            <marc:subfield code="e">signer.</marc:subfield>
            <marc:subfield code="5">DLC</marc:subfield>
        </marc:datafield>
        <marc:datafield tag="700" ind1="1" ind2=" ">
            <marc:subfield code="a">Isherwood, Christopher,</marc:subfield>
            <marc:subfield code="d">1904-1986,</marc:subfield>
            <marc:subfield code="e">signer.</marc:subfield>
            <marc:subfield code="5">DLC</marc:subfield>
        </marc:datafield>
        <marc:datafield tag="700" ind1="1" ind2=" ">
            <marc:subfield code="a">Mailer, Norman,</marc:subfield>
            <marc:subfield code="e">signer.</marc:subfield>
            <marc:subfield code="5">DLC</marc:subfield>
        </marc:datafield>
        <marc:datafield tag="700" ind1="1" ind2=" ">
            <marc:subfield code="a">Schulberg, Budd,</marc:subfield>
            <marc:subfield code="e">signer.</marc:subfield>
            <marc:subfield code="5">DLC</marc:subfield>
        </marc:datafield>
        <marc:datafield tag="700" ind1="1" ind2=" ">
            <marc:subfield code="a">Woods, Miriam</marc:subfield>
            <marc:subfield code="c">(Book jacket designer)</marc:subfield>
            <marc:subfield code="e">bookjacket designer.</marc:subfield>
        </marc:datafield>
        <marc:datafield tag="710" ind1="2" ind2=" ">
            <marc:subfield code="a">Stathis Orphanos Christopher Isherwood Collection (Library of Congress)</marc:subfield>
            <marc:subfield code="5">DLC</marc:subfield>
        </marc:datafield>
        <marc:datafield tag="906" ind1=" " ind2=" ">
            <marc:subfield code="a">7</marc:subfield>
            <marc:subfield code="b">cbc</marc:subfield>
            <marc:subfield code="c">premver</marc:subfield>
            <marc:subfield code="d">1</marc:subfield>
            <marc:subfield code="e">ncip</marc:subfield>
            <marc:subfield code="f">19</marc:subfield>
            <marc:subfield code="g">y-genrareb</marc:subfield>
        </marc:datafield>
        <marc:datafield tag="952" ind1=" " ind2=" ">
            <marc:subfield code="a">#ACQ 14-051</marc:subfield>
        </marc:datafield>
        <marc:datafield tag="955" ind1=" " ind2=" ">
            <marc:subfield code="a">he19 2023-01-18</marc:subfield>
            <marc:subfield code="i">he19 2023-01-18 NEW INPUT</marc:subfield>
        </marc:datafield>
        <marc:datafield tag="984" ind1=" " ind2=" ">
            <marc:subfield code="a">gsl</marc:subfield>
            <marc:subfield code="d">2023-03-23</marc:subfield>
        </marc:datafield>
        <marc:datafield tag="985" ind1=" " ind2=" ">
            <marc:subfield code="e">OCLC REPLACEMENT</marc:subfield>
        </marc:datafield>
        <marc:datafield tag="991" ind1=" " ind2=" ">
            <marc:subfield code="b">c-GenColl</marc:subfield>
            <marc:subfield code="h">PR473</marc:subfield>
            <marc:subfield code="i">.B72</marc:subfield>
            <marc:subfield code="p">00009441517</marc:subfield>
            <marc:subfield code="t">Copy 1</marc:subfield>
            <marc:subfield code="w">OCLCREP</marc:subfield>
        </marc:datafield>
    </marc:record>