
    <marc:record>
        <marc:leader>03182cam a22004815i 4500</marc:leader>
        <marc:controlfield tag="001">19084745</marc:controlfield>
        <marc:controlfield tag="005">20160610150704.0</marc:controlfield>
        <marc:controlfield tag="008">150825s2016    waua   e 6    000 1deng d</marc:controlfield>
        <marc:datafield tag="010" ind1=" " ind2=" ">
            <marc:subfield code="a">  2015950267</marc:subfield>
        </marc:datafield>
        <marc:datafield tag="020" ind1=" " ind2=" ">
            <marc:subfield code="a">1606999087 (hardcover)</marc:subfield>
        </marc:datafield>
        <marc:datafield tag="020" ind1=" " ind2=" ">
            <marc:subfield code="a">9781606999080 (hardcover)</marc:subfield>
        </marc:datafield>
        <marc:datafield tag="035" ind1=" " ind2=" ">
            <marc:subfield code="a">(OCoLC)ocn911364626</marc:subfield>
        </marc:datafield>
        <marc:datafield tag="040" ind1=" " ind2=" ">
            <marc:subfield code="a">YDXCP</marc:subfield>
            <marc:subfield code="b">eng</marc:subfield>
            <marc:subfield code="c">YDXCP</marc:subfield>
            <marc:subfield code="e">rda</marc:subfield>
            <marc:subfield code="d">BDX</marc:subfield>
            <marc:subfield code="d">OCLCQ</marc:subfield>
            <marc:subfield code="d">BKL</marc:subfield>
            <marc:subfield code="d">PAU</marc:subfield>
            <marc:subfield code="d">GZM</marc:subfield>
            <marc:subfield code="d">DLC</marc:subfield>
        </marc:datafield>
        <marc:datafield tag="042" ind1=" " ind2=" ">
            <marc:subfield code="a">lccopycat</marc:subfield>
        </marc:datafield>
        <marc:datafield tag="043" ind1=" " ind2=" ">
            <marc:subfield code="a">n-us---</marc:subfield>
        </marc:datafield>
        <marc:datafield tag="050" ind1="0" ind2="0">
            <marc:subfield code="a">PN6727.C685</marc:subfield>
            <marc:subfield code="b">H54 2016</marc:subfield>
        </marc:datafield>
        <marc:datafield tag="082" ind1="0" ind2="4">
            <marc:subfield code="a">741.5973</marc:subfield>
            <marc:subfield code="2">23</marc:subfield>
        </marc:datafield>
        <marc:datafield tag="100" ind1="1" ind2=" ">
            <marc:subfield code="a">Crandall, Reed,</marc:subfield>
            <marc:subfield code="d">1917-1982.</marc:subfield>
        </marc:datafield>
        <marc:datafield tag="245" ind1="1" ind2="4">
            <marc:subfield code="a">The high cost of dying and other stories /</marc:subfield>
            <marc:subfield code="c">illustrated by Reed Crandall ; written by Al Feldstein, Harvey Kurtzman, Otto Binder, Colin Dawkins, Jack Oleck, and Carl Wessler, with Ray Bradbury.</marc:subfield>
        </marc:datafield>
        <marc:datafield tag="250" ind1=" " ind2=" ">
            <marc:subfield code="a">First Fantagraphics Books edition.</marc:subfield>
        </marc:datafield>
        <marc:datafield tag="264" ind1=" " ind2="1">
            <marc:subfield code="a">Seattle, WA :</marc:subfield>
            <marc:subfield code="b">Fantagraphics Books,</marc:subfield>
            <marc:subfield code="c">2016.</marc:subfield>
        </marc:datafield>
        <marc:datafield tag="300" ind1=" " ind2=" ">
            <marc:subfield code="a">ix, 159 pages :</marc:subfield>
            <marc:subfield code="b">illustrations ;</marc:subfield>
            <marc:subfield code="c">26 cm</marc:subfield>
        </marc:datafield>
        <marc:datafield tag="336" ind1=" " ind2=" ">
            <marc:subfield code="a">still image</marc:subfield>
            <marc:subfield code="b">sti</marc:subfield>
            <marc:subfield code="2">rdacontent</marc:subfield>
        </marc:datafield>
        <marc:datafield tag="336" ind1=" " ind2=" ">
            <marc:subfield code="a">text</marc:subfield>
            <marc:subfield code="b">txt</marc:subfield>
            <marc:subfield code="2">rdacontent</marc:subfield>
        </marc:datafield>
        <marc:datafield tag="337" ind1=" " ind2=" ">
            <marc:subfield code="a">unmediated</marc:subfield>
            <marc:subfield code="b">n</marc:subfield>
            <marc:subfield code="2">rdamedia</marc:subfield>
        </marc:datafield>
        <marc:datafield tag="338" ind1=" " ind2=" ">
            <marc:subfield code="a">volume</marc:subfield>
            <marc:subfield code="b">nc</marc:subfield>
            <marc:subfield code="2">rdacarrier</marc:subfield>
        </marc:datafield>
        <marc:datafield tag="500" ind1=" " ind2=" ">
            <marc:subfield code="a">&quot;Also: a Crandall biography, bonus Crandall artwork, and more!&quot;--Page 4 of cover.</marc:subfield>
        </marc:datafield>
        <marc:datafield tag="520" ind1=" " ind2=" ">
            <marc:subfield code="a">&quot;Reed Crandall was an undisputed master of fine-line detail and expertly nuanced pen-and-ink texture. He was a perfect fit for EC Comics and his classic, illustrative style brilliantly illuminated sharp scripts featuring schemes, tricks, betrayal, and retribution in the company's crime, horror, and science fiction titles. This collection of 21 Crandall favorites includes &quot;The Silent Towns,&quot; a Ray Bradbury story about the last man and woman on Mars; &quot;Carrion Death,&quot; a stark horror story about a man struggling through the desert with a corpse handcuffed to his wrist as the vultures circle closer; &quot;Sweetie-Pie,&quot; the grisly story of a ghoul who sets up a roadside hazard to procure, um, fresh meat; &quot;The Kidnapper,&quot; about a man who decides to kidnap a baby to replace the one that had been stolen from him and his wife; &quot;Space Suitors,&quot; a science fiction love triangle that leads to jealously, betrayal, and murder; and &quot;The High Cost of Dying,&quot; the title story, in which a man must make an awful choice between burying his wife and feeding his children ... Like every book in the Fantagraphics EC Artists' Library, The High Cost Of Dying and Other Stories also features essays and notes by EC experts on these superbly crafted, classic masterpieces.&quot;--Publisher's website.</marc:subfield>
        </marc:datafield>
        <marc:datafield tag="600" ind1="1" ind2="0">
            <marc:subfield code="a">Crandall, Reed,</marc:subfield>
            <marc:subfield code="d">1917-1982.</marc:subfield>
        </marc:datafield>
        <marc:datafield tag="650" ind1=" " ind2="0">
            <marc:subfield code="a">Comic books, strips, etc.</marc:subfield>
            <marc:subfield code="z">United States.</marc:subfield>
        </marc:datafield>
        <marc:datafield tag="650" ind1=" " ind2="0">
            <marc:subfield code="a">Good and evil</marc:subfield>
            <marc:subfield code="v">Comic books, strips, etc.</marc:subfield>
        </marc:datafield>
        <marc:datafield tag="650" ind1=" " ind2="0">
            <marc:subfield code="a">Horror comic books, strips, etc.</marc:subfield>
            <marc:subfield code="z">United States.</marc:subfield>
        </marc:datafield>
        <marc:datafield tag="650" ind1=" " ind2="0">
            <marc:subfield code="a">Monsters</marc:subfield>
            <marc:subfield code="v">Comic books, strips, etc.</marc:subfield>
        </marc:datafield>
        <marc:datafield tag="700" ind1="1" ind2=" ">
            <marc:subfield code="a">Binder, Otto O.</marc:subfield>
            <marc:subfield code="q">(Otto Oscar),</marc:subfield>
            <marc:subfield code="d">1911-1975.</marc:subfield>
        </marc:datafield>
        <marc:datafield tag="700" ind1="1" ind2=" ">
            <marc:subfield code="a">Bradbury, Ray,</marc:subfield>
            <marc:subfield code="d">1920-2012.</marc:subfield>
        </marc:datafield>
        <marc:datafield tag="700" ind1="1" ind2=" ">
            <marc:subfield code="a">Dawkins, Colin,</marc:subfield>
            <marc:subfield code="d">1922-1986.</marc:subfield>
        </marc:datafield>
        <marc:datafield tag="700" ind1="1" ind2=" ">
            <marc:subfield code="a">Feldstein, Albert B.</marc:subfield>
        </marc:datafield>
        <marc:datafield tag="700" ind1="1" ind2=" ">
            <marc:subfield code="a">Kurtzman, Harvey.</marc:subfield>
        </marc:datafield>
        <marc:datafield tag="700" ind1="1" ind2=" ">
            <marc:subfield code="a">Oleck, Jack.</marc:subfield>
        </marc:datafield>
        <marc:datafield tag="700" ind1="1" ind2=" ">
            <marc:subfield code="a">Wessler, Carl,</marc:subfield>
            <marc:subfield code="d">1913-1989.</marc:subfield>
        </marc:datafield>
        <marc:datafield tag="906" ind1=" " ind2=" ">
            <marc:subfield code="a">7</marc:subfield>
            <marc:subfield code="b">cbc</marc:subfield>
            <marc:subfield code="c">copycat</marc:subfield>
            <marc:subfield code="d">2</marc:subfield>
            <marc:subfield code="e">ncip</marc:subfield>
            <marc:subfield code="f">20</marc:subfield>
            <marc:subfield code="g">y-gencatlg</marc:subfield>
        </marc:datafield>
        <marc:datafield tag="925" ind1="0" ind2=" ">
            <marc:subfield code="a">acquire</marc:subfield>
            <marc:subfield code="b">1 shelf copy</marc:subfield>
            <marc:subfield code="x">policy default</marc:subfield>
        </marc:datafield>
        <marc:datafield tag="955" ind1=" " ind2=" ">
            <marc:subfield code="b">xk14 2016-05-06 z-processor</marc:subfield>
            <marc:subfield code="i">xk14 2016-05-06 to CALM</marc:subfield>
        </marc:datafield>
    </marc:record>