
    <marc:record>
        <marc:leader>05513cam a2200517 i 4500</marc:leader>
        <marc:controlfield tag="001">22409784</marc:controlfield>
        <marc:controlfield tag="005">20220714101452.0</marc:controlfield>
        <marc:controlfield tag="008">220203s2021    waua     6    000 1 eng d</marc:controlfield>
        <marc:datafield tag="010" ind1=" " ind2=" ">
            <marc:subfield code="a">  2020300939</marc:subfield>
        </marc:datafield>
        <marc:datafield tag="020" ind1=" " ind2=" ">
            <marc:subfield code="a">1683963989</marc:subfield>
            <marc:subfield code="q">(hbk.)</marc:subfield>
        </marc:datafield>
        <marc:datafield tag="020" ind1=" " ind2=" ">
            <marc:subfield code="a">9781683963981</marc:subfield>
            <marc:subfield code="q">(hbk.)</marc:subfield>
        </marc:datafield>
        <marc:datafield tag="035" ind1=" " ind2=" ">
            <marc:subfield code="a">(OCoLC)on1155933759</marc:subfield>
        </marc:datafield>
        <marc:datafield tag="040" ind1=" " ind2=" ">
            <marc:subfield code="a">YDX</marc:subfield>
            <marc:subfield code="b">eng</marc:subfield>
            <marc:subfield code="c">YDX</marc:subfield>
            <marc:subfield code="e">rda</marc:subfield>
            <marc:subfield code="d">BDX</marc:subfield>
            <marc:subfield code="d">OSU</marc:subfield>
            <marc:subfield code="d">OCLCO</marc:subfield>
            <marc:subfield code="d">IAD</marc:subfield>
            <marc:subfield code="d">OCLCO</marc:subfield>
            <marc:subfield code="d">OCLCF</marc:subfield>
            <marc:subfield code="d">CLE</marc:subfield>
            <marc:subfield code="d">OCLCO</marc:subfield>
            <marc:subfield code="d">OCL</marc:subfield>
            <marc:subfield code="d">OCLCO</marc:subfield>
            <marc:subfield code="d">DLC</marc:subfield>
        </marc:datafield>
        <marc:datafield tag="042" ind1=" " ind2=" ">
            <marc:subfield code="a">lccopycat</marc:subfield>
        </marc:datafield>
        <marc:datafield tag="050" ind1="0" ind2="0">
            <marc:subfield code="a">PN6727.E946</marc:subfield>
            <marc:subfield code="b">S58 2021</marc:subfield>
        </marc:datafield>
        <marc:datafield tag="082" ind1="0" ind2="0">
            <marc:subfield code="a">741.5/973</marc:subfield>
            <marc:subfield code="2">23/eng/20220504</marc:subfield>
        </marc:datafield>
        <marc:datafield tag="100" ind1="1" ind2=" ">
            <marc:subfield code="a">Evans, George,</marc:subfield>
            <marc:subfield code="d">1920-2001,</marc:subfield>
            <marc:subfield code="e">illustrator.</marc:subfield>
        </marc:datafield>
        <marc:datafield tag="245" ind1="1" ind2="2">
            <marc:subfield code="a">A slight case of murder :</marc:subfield>
            <marc:subfield code="b">and other stories /</marc:subfield>
            <marc:subfield code="c">illustrated by George Evans ; with Jack Kamen ; written by Otto Binder, Al Feldstein, and Carl Wessler ; with Ray Bradbury.</marc:subfield>
        </marc:datafield>
        <marc:datafield tag="250" ind1=" " ind2=" ">
            <marc:subfield code="a">First Fantagraphics Books edition.</marc:subfield>
        </marc:datafield>
        <marc:datafield tag="264" ind1=" " ind2="1">
            <marc:subfield code="a">Seattle :</marc:subfield>
            <marc:subfield code="b">Fantagraphics Books,</marc:subfield>
            <marc:subfield code="c">2021.</marc:subfield>
        </marc:datafield>
        <marc:datafield tag="300" ind1=" " ind2=" ">
            <marc:subfield code="a">xx, 209 pages :</marc:subfield>
            <marc:subfield code="b">illustrations ;</marc:subfield>
            <marc:subfield code="c">27 cm.</marc:subfield>
        </marc:datafield>
        <marc:datafield tag="336" ind1=" " ind2=" ">
            <marc:subfield code="a">still image</marc:subfield>
            <marc:subfield code="b">sti</marc:subfield>
            <marc:subfield code="2">rdacontent</marc:subfield>
        </marc:datafield>
        <marc:datafield tag="336" ind1=" " ind2=" ">
            <marc:subfield code="a">text</marc:subfield>
            <marc:subfield code="b">txt</marc:subfield>
            <marc:subfield code="2">rdacontent</marc:subfield>
        </marc:datafield>
        <marc:datafield tag="337" ind1=" " ind2=" ">
            <marc:subfield code="a">unmediated</marc:subfield>
            <marc:subfield code="b">n</marc:subfield>
            <marc:subfield code="2">rdamedia</marc:subfield>
        </marc:datafield>
        <marc:datafield tag="338" ind1=" " ind2=" ">
            <marc:subfield code="a">volume</marc:subfield>
            <marc:subfield code="b">nc</marc:subfield>
            <marc:subfield code="2">rdacarrier</marc:subfield>
        </marc:datafield>
        <marc:datafield tag="490" ind1="0" ind2=" ">
            <marc:subfield code="a">Fantagraphics EC artists' library</marc:subfield>
        </marc:datafield>
        <marc:datafield tag="500" ind1=" " ind2=" ">
            <marc:subfield code="a">Guided by EC historian John Benson's research on EC release dates, the stories in this book are presented in the order in which they originally appeared between October 1952 and December 1955.</marc:subfield>
        </marc:datafield>
        <marc:datafield tag="505" ind1="0" ind2="0">
            <marc:subfield code="t">Gentleman George /</marc:subfield>
            <marc:subfield code="r">introduction by Thommy Burns --</marc:subfield>
            <marc:subfield code="t">Roped in! /</marc:subfield>
            <marc:subfield code="r">story: William M. Gaines, Al Feldstein ; script: Al Feldstein ; art: George Evans --</marc:subfield>
            <marc:subfield code="t">Strictly from hunger! /</marc:subfield>
            <marc:subfield code="r">story: William M. Gaines, Al Feldstein ; script: Al Feldstein ; art: George Evans --</marc:subfield>
            <marc:subfield code="t">All washed up! /</marc:subfield>
            <marc:subfield code="r">story: William M. Gaines, Al Feldstein ; script: Al Feldstein ; art: George Evans --</marc:subfield>
            <marc:subfield code="t">This trick'll kill you! /</marc:subfield>
            <marc:subfield code="r">story: William M. Gaines, Al Feldstein ; script: Al Feldstein ; art: George Evans and Jack Kamen --</marc:subfield>
            <marc:subfield code="t">For how the bell tolls! /</marc:subfield>
            <marc:subfield code="r">story: William M. Gaines, Al Feldstein ; script: Al Feldstein ; art: George Evans --</marc:subfield>
            <marc:subfield code="t">A creep in the deep! /</marc:subfield>
            <marc:subfield code="r">story: William M. Gaines, Al Feldstein ; script: Al Feldstein ; art: George Evans --</marc:subfield>
            <marc:subfield code="t">Oil's well that ends well! /</marc:subfield>
            <marc:subfield code="r">story: William M. Gaines, Al Feldstein ; script: Al Feldstein ; art: George Evans --</marc:subfield>
            <marc:subfield code="t">The small assassin! /</marc:subfield>
            <marc:subfield code="r">story: Ray Bradbury ; script: Al Feldstein ; art: George Evans --</marc:subfield>
            <marc:subfield code="t">Gorilla my dreams! /</marc:subfield>
            <marc:subfield code="r">William M. Gaines, Al Feldstein ; script: Al Feldstein ; art: George Evans --</marc:subfield>
            <marc:subfield code="t">Practical choke! /</marc:subfield>
            <marc:subfield code="r">story: William M. Gaines, Al Feldstein ; script: Al Feldstein ; art: George Evans --</marc:subfield>
            <marc:subfield code="t">Bedtime gory! /</marc:subfield>
            <marc:subfield code="r">story: William M. Gaines, Al Feldstein ; script: Al Feldstein ; art: George Evans --</marc:subfield>
            <marc:subfield code="t">Curiosity killed ... /</marc:subfield>
            <marc:subfield code="r">story: William M. Gaines, Al Feldstein ; script: Al Feldstein ; art: George Evans --</marc:subfield>
            <marc:subfield code="t">Lover, come hack to me! /</marc:subfield>
            <marc:subfield code="r">story: William M. Gaines, Al Feldstein ; script: Al Feldstein ; art: George Evans --</marc:subfield>
            <marc:subfield code="t">An ample sample /</marc:subfield>
            <marc:subfield code="r">story: William M. Gaines, Al Feldstein ; script: Al Feldstein ; art: George Evans --</marc:subfield>
            <marc:subfield code="t">About phase /</marc:subfield>
            <marc:subfield code="r">story: William M. Gaines, Al Feldstein ; script: Al Feldstein ; art: George Evans --</marc:subfield>
            <marc:subfield code="t">A slight case of murder /</marc:subfield>
            <marc:subfield code="r">story: William M. Gaines, Al Feldstein ; script: Al Feldstein ; art: George Evans --</marc:subfield>
            <marc:subfield code="t">The headhunters /</marc:subfield>
            <marc:subfield code="r">story: William M. Gaines, Al Feldstein ; script: Al Feldstein ; art: George Evans --</marc:subfield>
            <marc:subfield code="t">Chess-mate /</marc:subfield>
            <marc:subfield code="r">story: William M. Gaines, Al Feldstein ; script: Al Feldstein ; art: George Evans --</marc:subfield>
            <marc:subfield code="t">Pearly to dead /</marc:subfield>
            <marc:subfield code="r">story: William M. Gaines, Al Feldstein ; script: Al Feldstein ; art: George Evans --</marc:subfield>
            <marc:subfield code="t">No silver atoll! /</marc:subfield>
            <marc:subfield code="r">story: WIlliam M. Gaines, Al Feldstein ; script: Al Feldstein ; art: George Evans --</marc:subfield>
            <marc:subfield code="t">Come back, little Linda! /</marc:subfield>
            <marc:subfield code="r">story: William M. Gaines, Al Feldstein ; script: Al Feldstein ; art: George Evans --</marc:subfield>
            <marc:subfield code="t">The secret /</marc:subfield>
            <marc:subfield code="r">script: Carl Wessler ; art: George Evans --</marc:subfield>
            <marc:subfield code="t">Indisposed! /</marc:subfield>
            <marc:subfield code="r">story: William M. Gaines, Al Feldstein ; script: Al Feldstein ; art: George Evans --</marc:subfield>
            <marc:subfield code="t">Clots my line /</marc:subfield>
            <marc:subfield code="r">script: Otto Binder ; art: George Evans --</marc:subfield>
            <marc:subfield code="t">Game washed out! /</marc:subfield>
            <marc:subfield code="r">script: Carl Wessler ; art: George Evans --</marc:subfield>
            <marc:subfield code="t">Blind alleys /</marc:subfield>
            <marc:subfield code="r">story: William M. Gaines, Al Feldstein ; script: Al Feldstein ; art: George Evans --</marc:subfield>
            <marc:subfield code="t">The dress /</marc:subfield>
            <marc:subfield code="r">script: Unknown ; art: George Evans --</marc:subfield>
            <marc:subfield code="t">Country doctor /</marc:subfield>
            <marc:subfield code="r">script: Carl Wessler ; art: George Evans --</marc:subfield>
            <marc:subfield code="t">Heart interest /</marc:subfield>
            <marc:subfield code="r">script: Unknown ; art: George Evans --</marc:subfield>
            <marc:subfield code="t">George Evans /</marc:subfield>
            <marc:subfield code="r">biography by S.C. Ringgenberg --</marc:subfield>
            <marc:subfield code="t">Behind the panels /</marc:subfield>
            <marc:subfield code="r">creator biographies --</marc:subfield>
            <marc:subfield code="t">Crime, horror, terror, gore, depravity, disrespect for established authority - and science fiction, too! /</marc:subfield>
            <marc:subfield code="r">history by Ted White --</marc:subfield>
            <marc:subfield code="t">The Fantagraphics EC Artists' Library: titles in this series.</marc:subfield>
        </marc:datafield>
        <marc:datafield tag="520" ind1=" " ind2=" ">
            <marc:subfield code="a">This volume collects all of George Evans's EC horror comic book stories.</marc:subfield>
        </marc:datafield>
        <marc:datafield tag="650" ind1=" " ind2="0">
            <marc:subfield code="a">Murder</marc:subfield>
            <marc:subfield code="v">Comic books, strips, etc.</marc:subfield>
        </marc:datafield>
        <marc:datafield tag="650" ind1=" " ind2="7">
            <marc:subfield code="a">Murder.</marc:subfield>
            <marc:subfield code="2">fast</marc:subfield>
            <marc:subfield code="0">(OCoLC)fst01029781</marc:subfield>
        </marc:datafield>
        <marc:datafield tag="655" ind1=" " ind2="7">
            <marc:subfield code="a">Comics (Graphic works)</marc:subfield>
            <marc:subfield code="2">fast</marc:subfield>
            <marc:subfield code="0">(OCoLC)fst01921613</marc:subfield>
        </marc:datafield>
        <marc:datafield tag="655" ind1=" " ind2="7">
            <marc:subfield code="a">Graphic novels.</marc:subfield>
            <marc:subfield code="2">lcgft</marc:subfield>
        </marc:datafield>
        <marc:datafield tag="655" ind1=" " ind2="7">
            <marc:subfield code="a">Horror comics.</marc:subfield>
            <marc:subfield code="2">fast</marc:subfield>
            <marc:subfield code="0">(OCoLC)fst01921683</marc:subfield>
        </marc:datafield>
        <marc:datafield tag="655" ind1=" " ind2="7">
            <marc:subfield code="a">Horror comics.</marc:subfield>
            <marc:subfield code="2">lcgft</marc:subfield>
        </marc:datafield>
        <marc:datafield tag="655" ind1=" " ind2="7">
            <marc:subfield code="a">Thriller comics.</marc:subfield>
            <marc:subfield code="2">fast</marc:subfield>
            <marc:subfield code="0">(OCoLC)fst01922567</marc:subfield>
        </marc:datafield>
        <marc:datafield tag="655" ind1=" " ind2="7">
            <marc:subfield code="a">Thriller comics.</marc:subfield>
            <marc:subfield code="2">lcgft</marc:subfield>
        </marc:datafield>
        <marc:datafield tag="700" ind1="1" ind2=" ">
            <marc:subfield code="a">Binder, Otto O.</marc:subfield>
            <marc:subfield code="q">(Otto Oscar),</marc:subfield>
            <marc:subfield code="d">1911-1975,</marc:subfield>
            <marc:subfield code="e">author.</marc:subfield>
        </marc:datafield>
        <marc:datafield tag="700" ind1="1" ind2=" ">
            <marc:subfield code="a">Bradbury, Ray,</marc:subfield>
            <marc:subfield code="d">1920-2012.</marc:subfield>
        </marc:datafield>
        <marc:datafield tag="700" ind1="1" ind2=" ">
            <marc:subfield code="a">Feldstein, Albert B.,</marc:subfield>
            <marc:subfield code="e">author.</marc:subfield>
        </marc:datafield>
        <marc:datafield tag="700" ind1="1" ind2=" ">
            <marc:subfield code="a">Kamen, Jack,</marc:subfield>
            <marc:subfield code="d">1920-2008,</marc:subfield>
            <marc:subfield code="e">illustrator.</marc:subfield>
        </marc:datafield>
        <marc:datafield tag="700" ind1="1" ind2=" ">
            <marc:subfield code="a">Wessler, Carl,</marc:subfield>
            <marc:subfield code="d">1913-1989,</marc:subfield>
            <marc:subfield code="e">author.</marc:subfield>
        </marc:datafield>
        <marc:datafield tag="710" ind1="2" ind2=" ">
            <marc:subfield code="a">EC Comics.</marc:subfield>
        </marc:datafield>
        <marc:datafield tag="906" ind1=" " ind2=" ">
            <marc:subfield code="a">7</marc:subfield>
            <marc:subfield code="b">cbc</marc:subfield>
            <marc:subfield code="c">copycat</marc:subfield>
            <marc:subfield code="d">2</marc:subfield>
            <marc:subfield code="e">ncip</marc:subfield>
            <marc:subfield code="f">20</marc:subfield>
            <marc:subfield code="g">y-gencatlg</marc:subfield>
        </marc:datafield>
        <marc:datafield tag="925" ind1="0" ind2=" ">
            <marc:subfield code="a">acquire</marc:subfield>
            <marc:subfield code="b">1 shelf copy</marc:subfield>
            <marc:subfield code="x">Sel/rjc, 2022-04-20</marc:subfield>
        </marc:datafield>
        <marc:datafield tag="955" ind1=" " ind2=" ">
            <marc:subfield code="b">rn08 2022-02-03 z-processor</marc:subfield>
            <marc:subfield code="i">xk33 2022-05-04 to rev.</marc:subfield>
            <marc:subfield code="w">xk33 2022-05-04</marc:subfield>
            <marc:subfield code="s">xk33 2022-05-04 c.2 to surplus</marc:subfield>
            <marc:subfield code="r">xk14 2022-05-05 to CMD</marc:subfield>
        </marc:datafield>
    </marc:record>