
    <marc:record>
        <marc:leader>03271cam a2200397 i 4500</marc:leader>
        <marc:controlfield tag="001">18149641</marc:controlfield>
        <marc:controlfield tag="005">20141205084143.0</marc:controlfield>
        <marc:controlfield tag="008">140513s2014    waua     6    000 1 eng  </marc:controlfield>
        <marc:datafield tag="010" ind1=" " ind2=" ">
            <marc:subfield code="a">  2014381729</marc:subfield>
        </marc:datafield>
        <marc:datafield tag="020" ind1=" " ind2=" ">
            <marc:subfield code="a">1606996894 (hbk)</marc:subfield>
        </marc:datafield>
        <marc:datafield tag="020" ind1=" " ind2=" ">
            <marc:subfield code="a">9781606996898 (hbk)</marc:subfield>
        </marc:datafield>
        <marc:datafield tag="040" ind1=" " ind2=" ">
            <marc:subfield code="a">DLC</marc:subfield>
            <marc:subfield code="b">eng</marc:subfield>
            <marc:subfield code="c">DLC</marc:subfield>
            <marc:subfield code="e">rda</marc:subfield>
        </marc:datafield>
        <marc:datafield tag="042" ind1=" " ind2=" ">
            <marc:subfield code="a">pcc</marc:subfield>
        </marc:datafield>
        <marc:datafield tag="050" ind1="0" ind2="0">
            <marc:subfield code="a">PN6727.I54</marc:subfield>
            <marc:subfield code="b">S83 2014</marc:subfield>
        </marc:datafield>
        <marc:datafield tag="082" ind1="0" ind2="0">
            <marc:subfield code="a">741.5/973</marc:subfield>
            <marc:subfield code="2">23</marc:subfield>
        </marc:datafield>
        <marc:datafield tag="100" ind1="1" ind2=" ">
            <marc:subfield code="a">Ingels, Graham,</marc:subfield>
            <marc:subfield code="d">1915-1991.</marc:subfield>
        </marc:datafield>
        <marc:datafield tag="245" ind1="1" ind2="0">
            <marc:subfield code="a">Sucker Bait and other stories /</marc:subfield>
            <marc:subfield code="c">illustrated by Graham Ingels; written by Al Feldstein with Ray Bradbury.</marc:subfield>
        </marc:datafield>
        <marc:datafield tag="250" ind1=" " ind2=" ">
            <marc:subfield code="a">First Fantagraphics Books edition.</marc:subfield>
        </marc:datafield>
        <marc:datafield tag="264" ind1=" " ind2="1">
            <marc:subfield code="a">Seattle, WA :</marc:subfield>
            <marc:subfield code="b">Fantagraphics Books,</marc:subfield>
            <marc:subfield code="c">[2014]</marc:subfield>
        </marc:datafield>
        <marc:datafield tag="300" ind1=" " ind2=" ">
            <marc:subfield code="a">xiii, 201 pages :</marc:subfield>
            <marc:subfield code="b">black and white illustrations ;</marc:subfield>
            <marc:subfield code="c">27 cm.</marc:subfield>
        </marc:datafield>
        <marc:datafield tag="336" ind1=" " ind2=" ">
            <marc:subfield code="a">still image</marc:subfield>
            <marc:subfield code="2">rdacontent</marc:subfield>
        </marc:datafield>
        <marc:datafield tag="336" ind1=" " ind2=" ">
            <marc:subfield code="a">text</marc:subfield>
            <marc:subfield code="2">rdacontent</marc:subfield>
        </marc:datafield>
        <marc:datafield tag="337" ind1=" " ind2=" ">
            <marc:subfield code="a">unmediated</marc:subfield>
            <marc:subfield code="2">rdamedia</marc:subfield>
        </marc:datafield>
        <marc:datafield tag="338" ind1=" " ind2=" ">
            <marc:subfield code="a">volume</marc:subfield>
            <marc:subfield code="2">rdacarrier</marc:subfield>
        </marc:datafield>
        <marc:datafield tag="490" ind1="1" ind2=" ">
            <marc:subfield code="a">The EC library.</marc:subfield>
        </marc:datafield>
        <marc:datafield tag="500" ind1=" " ind2=" ">
            <marc:subfield code="a">&quot;Guided by EC historian John Benson's research on EC release dates, we have attempted to present the stories in this  book in the order in which they originally appeared, as follows: &quot;Hook, line, and stinker!&quot; in Vault of Horror #26, August-September 1952; A little stranger! in Haunt of Fear #14, July-August 1952; Squash...anyone? in Tales from the Crypt #32, October-November 1952; A grim fairy tale! in Vault of Horror #27, October-November 1952; Chatter-boxed! in Haunt of Fear #15, September-October 1952; Private Performance in Crime SuspenStories #14, December 1952-January 1953; None but the lonely heart! in Tales from the Crypt #33, December 1952-January 1953; We ain't got no body! in Vault of Horror #28, December 1952-January 1953; Sugar 'N spice 'N... in Shock SuspenStories #6, December 1952-January 1953; Nobody there! in Haunt of Fear #16, November-December 1952; Hail and heart-y! in Crime SuspenStories #15, February-March 1953; There was an old woman! in Tales from the Crypt #34, February-March 1953; Pickled pints! in Vault of Horror #29, February-March 1953; Horror we? How's bayou?in Haunt of Fear#17, January-February 1953; This wraps it up! in Tales from the Crypt #35, April-May 1953; Notes to you! in Vault of Horror #30, April-May 1953; Pipe down! in Haunt of Fear #18, March-April 1953; The handler in Tales from the Crypt #36, June-July 1953; One good turn... in Vault of Horror #31, June-July 1953; Sucker bait! in Haunt of Fear #19, May-June 1953; The rover boys! in Tales from the Crypt #37, August-September 1953; Funereal disease! in Vault of Horror #32, August-September 1953; Thump fun! in Haunt of Fear #20, July-August 1953; Mournin' mess in Tales from the Crypt #38, October-November 1953; Strung along! in Vault of Horror #33, October-November 1953; An off-color heir in Haunt of Fear #21, September-October 1953.&quot; -- page facing title page.</marc:subfield>
        </marc:datafield>
        <marc:datafield tag="655" ind1=" " ind2="0">
            <marc:subfield code="a">Graphic novels.</marc:subfield>
        </marc:datafield>
        <marc:datafield tag="655" ind1=" " ind2="7">
            <marc:subfield code="a">Comic books, strips, etc.</marc:subfield>
            <marc:subfield code="2">gsafd</marc:subfield>
        </marc:datafield>
        <marc:datafield tag="655" ind1=" " ind2="7">
            <marc:subfield code="a">Horror comic books, strips, etc.</marc:subfield>
            <marc:subfield code="2">gsafd</marc:subfield>
        </marc:datafield>
        <marc:datafield tag="700" ind1="1" ind2=" ">
            <marc:subfield code="a">Bradbury, Ray,</marc:subfield>
            <marc:subfield code="d">1920-2012.</marc:subfield>
        </marc:datafield>
        <marc:datafield tag="700" ind1="1" ind2=" ">
            <marc:subfield code="a">Feldstein, Albert B.</marc:subfield>
        </marc:datafield>
        <marc:datafield tag="830" ind1=" " ind2="0">
            <marc:subfield code="a">EC library.</marc:subfield>
        </marc:datafield>
        <marc:datafield tag="906" ind1=" " ind2=" ">
            <marc:subfield code="a">7</marc:subfield>
            <marc:subfield code="b">cbc</marc:subfield>
            <marc:subfield code="c">origres</marc:subfield>
            <marc:subfield code="d">2</marc:subfield>
            <marc:subfield code="e">ncip</marc:subfield>
            <marc:subfield code="f">20</marc:subfield>
            <marc:subfield code="g">y-gencatlg</marc:subfield>
        </marc:datafield>
        <marc:datafield tag="925" ind1="0" ind2=" ">
            <marc:subfield code="a">acquire</marc:subfield>
            <marc:subfield code="b">1 shelf copy</marc:subfield>
            <marc:subfield code="x">policy default</marc:subfield>
        </marc:datafield>
        <marc:datafield tag="925" ind1="1" ind2=" ">
            <marc:subfield code="a">acquire</marc:subfield>
            <marc:subfield code="b">2 shelf copies</marc:subfield>
            <marc:subfield code="x">policy default</marc:subfield>
        </marc:datafield>
        <marc:datafield tag="955" ind1=" " ind2=" ">
            <marc:subfield code="b">xk14 2014-05-13 z-processor</marc:subfield>
            <marc:subfield code="i">xk14 2014-05-13 to CALM (2 copies)</marc:subfield>
        </marc:datafield>
    </marc:record>