
    <marc:record>
        <marc:leader>03302cam a2200493 i 4500</marc:leader>
        <marc:controlfield tag="001">19839444</marc:controlfield>
        <marc:controlfield tag="005">20180829162314.0</marc:controlfield>
        <marc:controlfield tag="008">170726s2018    waua     6    000 1 eng d</marc:controlfield>
        <marc:datafield tag="010" ind1=" " ind2=" ">
            <marc:subfield code="a">  2017950381</marc:subfield>
        </marc:datafield>
        <marc:datafield tag="020" ind1=" " ind2=" ">
            <marc:subfield code="a">1683960947 (hardcover)</marc:subfield>
        </marc:datafield>
        <marc:datafield tag="020" ind1=" " ind2=" ">
            <marc:subfield code="a">9781683960942 (hardcover)</marc:subfield>
        </marc:datafield>
        <marc:datafield tag="035" ind1=" " ind2=" ">
            <marc:subfield code="a">(OCoLC)ocn992576018</marc:subfield>
        </marc:datafield>
        <marc:datafield tag="040" ind1=" " ind2=" ">
            <marc:subfield code="a">YDX</marc:subfield>
            <marc:subfield code="b">eng</marc:subfield>
            <marc:subfield code="c">YDX</marc:subfield>
            <marc:subfield code="e">rda</marc:subfield>
            <marc:subfield code="d">YDX</marc:subfield>
            <marc:subfield code="d">ORX</marc:subfield>
            <marc:subfield code="d">OSU</marc:subfield>
            <marc:subfield code="d">BKL</marc:subfield>
            <marc:subfield code="d">CNCGM</marc:subfield>
            <marc:subfield code="d">FXN</marc:subfield>
            <marc:subfield code="d">OCLCO</marc:subfield>
            <marc:subfield code="d">STF</marc:subfield>
            <marc:subfield code="d">OCLCF</marc:subfield>
            <marc:subfield code="d">OCLCO</marc:subfield>
            <marc:subfield code="d">VP@</marc:subfield>
            <marc:subfield code="d">DLC</marc:subfield>
        </marc:datafield>
        <marc:datafield tag="042" ind1=" " ind2=" ">
            <marc:subfield code="a">lccopycat</marc:subfield>
        </marc:datafield>
        <marc:datafield tag="043" ind1=" " ind2=" ">
            <marc:subfield code="a">n-us---</marc:subfield>
        </marc:datafield>
        <marc:datafield tag="050" ind1="0" ind2="0">
            <marc:subfield code="a">PN6727.K7</marc:subfield>
            <marc:subfield code="b">A6 2018</marc:subfield>
        </marc:datafield>
        <marc:datafield tag="082" ind1="0" ind2="4">
            <marc:subfield code="a">741.5973</marc:subfield>
            <marc:subfield code="2">23</marc:subfield>
        </marc:datafield>
        <marc:datafield tag="100" ind1="1" ind2=" ">
            <marc:subfield code="a">Krigstein, B.</marc:subfield>
            <marc:subfield code="q">(Bernard),</marc:subfield>
            <marc:subfield code="d">1919-1990,</marc:subfield>
            <marc:subfield code="e">illustrator.</marc:subfield>
        </marc:datafield>
        <marc:datafield tag="240" ind1="1" ind2="0">
            <marc:subfield code="a">Comics.</marc:subfield>
            <marc:subfield code="k">Selections</marc:subfield>
        </marc:datafield>
        <marc:datafield tag="245" ind1="1" ind2="0">
            <marc:subfield code="a">Master race and other stories /</marc:subfield>
            <marc:subfield code="c">illustrated by Bernard Krigstein ; written by Al Feldstein, Carl Wessler, Johnny Craig, Otto Binder, and Jack Oleck with Ray Bradbury.</marc:subfield>
        </marc:datafield>
        <marc:datafield tag="250" ind1=" " ind2=" ">
            <marc:subfield code="a">First Fantagraphics Books edition.</marc:subfield>
        </marc:datafield>
        <marc:datafield tag="264" ind1=" " ind2="1">
            <marc:subfield code="a">Seattle :</marc:subfield>
            <marc:subfield code="b">Fantagraphics Books,</marc:subfield>
            <marc:subfield code="c">March 2018.</marc:subfield>
        </marc:datafield>
        <marc:datafield tag="300" ind1=" " ind2=" ">
            <marc:subfield code="a">xx, 219 :</marc:subfield>
            <marc:subfield code="b">chiefly black and white illustrations ;</marc:subfield>
            <marc:subfield code="c">26 cm</marc:subfield>
        </marc:datafield>
        <marc:datafield tag="336" ind1=" " ind2=" ">
            <marc:subfield code="a">still image</marc:subfield>
            <marc:subfield code="b">sti</marc:subfield>
            <marc:subfield code="2">rdacontent</marc:subfield>
        </marc:datafield>
        <marc:datafield tag="336" ind1=" " ind2=" ">
            <marc:subfield code="a">text</marc:subfield>
            <marc:subfield code="b">txt</marc:subfield>
            <marc:subfield code="2">rdacontent</marc:subfield>
        </marc:datafield>
        <marc:datafield tag="337" ind1=" " ind2=" ">
            <marc:subfield code="a">unmediated</marc:subfield>
            <marc:subfield code="b">n</marc:subfield>
            <marc:subfield code="2">rdamedia</marc:subfield>
        </marc:datafield>
        <marc:datafield tag="338" ind1=" " ind2=" ">
            <marc:subfield code="a">volume</marc:subfield>
            <marc:subfield code="b">nc</marc:subfield>
            <marc:subfield code="2">rdacarrier</marc:subfield>
        </marc:datafield>
        <marc:datafield tag="490" ind1="1" ind2=" ">
            <marc:subfield code="a">The Fantagraphics EC artists' library ;</marc:subfield>
            <marc:subfield code="v">volume 21</marc:subfield>
        </marc:datafield>
        <marc:datafield tag="505" ind1="0" ind2="0">
            <marc:subfield code="t">Derelict ship --</marc:subfield>
            <marc:subfield code="t">The flying machine --</marc:subfield>
            <marc:subfield code="t">Prairie schooner --</marc:subfield>
            <marc:subfield code="t">The monster from the fourth dimension --</marc:subfield>
            <marc:subfield code="t">Slave ship --</marc:subfield>
            <marc:subfield code="t">Monotony --</marc:subfield>
            <marc:subfield code="t">Pipe-dream --</marc:subfield>
            <marc:subfield code="t">The pioneer --</marc:subfield>
            <marc:subfield code="t">You, murderer --</marc:subfield>
            <marc:subfield code="t">The bath --</marc:subfield>
            <marc:subfield code="t">More blessed to give... --</marc:subfield>
            <marc:subfield code="t">Bellyful --</marc:subfield>
            <marc:subfield code="t">The catacombs --</marc:subfield>
            <marc:subfield code="t">Key chain --</marc:subfield>
            <marc:subfield code="t">Master race --</marc:subfield>
            <marc:subfield code="t">The purge --</marc:subfield>
            <marc:subfield code="t">Murder dream --</marc:subfield>
            <marc:subfield code="t">The pit! --</marc:subfield>
            <marc:subfield code="t">In the bag --</marc:subfield>
            <marc:subfield code="t">Just her speed --</marc:subfield>
            <marc:subfield code="t">Numbskull --</marc:subfield>
            <marc:subfield code="t">Mau mau! --</marc:subfield>
            <marc:subfield code="t">The mascot --</marc:subfield>
            <marc:subfield code="t">Revenge --</marc:subfield>
            <marc:subfield code="t">Marbles --</marc:subfield>
            <marc:subfield code="t">The spy --</marc:subfield>
            <marc:subfield code="t">Fulfillment --</marc:subfield>
            <marc:subfield code="t">The good luck piece --</marc:subfield>
            <marc:subfield code="t">The ultimate weapon --</marc:subfield>
            <marc:subfield code="t">So much more --</marc:subfield>
            <marc:subfield code="t">Spads were trump --</marc:subfield>
            <marc:subfield code="t">One way hero --</marc:subfield>
            <marc:subfield code="t">Bernard Krigstein --</marc:subfield>
            <marc:subfield code="t">Restoring &quot;Slave ship&quot; --</marc:subfield>
            <marc:subfield code="t">Behind the panels --</marc:subfield>
            <marc:subfield code="t">Crime, horror, terror, gore, depravity, disrespect for established authority--and science fiction too!.</marc:subfield>
        </marc:datafield>
        <marc:datafield tag="520" ind1=" " ind2=" ">
            <marc:subfield code="a">In addition to &quot;Master Race,&quot; this volume includes &quot;The Flying Machine&quot; (based on a story by Ray Bradbury). Other stories include: &quot;Slave Ship,&quot; an unpublished science fiction tale that was only discovered in the decades following EC's demise, &quot;The Monster From The Fourth Dimension,&quot; a horror/science fiction shocker that has never been reprinted since its original appearance in 1954, and other Krigstein crime, horror, war, and science fiction stories covering the full gamut of EC titles, including Tales From the Crypt, Crime SuspenStories, Shock SuspenStories, Aces High, and Incredible Science Fiction.</marc:subfield>
        </marc:datafield>
        <marc:datafield tag="655" ind1=" " ind2="0">
            <marc:subfield code="a">Comic books, strips, etc.</marc:subfield>
        </marc:datafield>
        <marc:datafield tag="655" ind1=" " ind2="7">
            <marc:subfield code="a">Graphic novels.</marc:subfield>
            <marc:subfield code="2">lcgft</marc:subfield>
        </marc:datafield>
        <marc:datafield tag="655" ind1=" " ind2="7">
            <marc:subfield code="a">Horror comics.</marc:subfield>
            <marc:subfield code="2">lcgft</marc:subfield>
        </marc:datafield>
        <marc:datafield tag="655" ind1=" " ind2="7">
            <marc:subfield code="a">Science fiction comics.</marc:subfield>
            <marc:subfield code="2">lcgft</marc:subfield>
        </marc:datafield>
        <marc:datafield tag="700" ind1="1" ind2=" ">
            <marc:subfield code="a">Binder, Otto O.</marc:subfield>
            <marc:subfield code="q">(Otto Oscar),</marc:subfield>
            <marc:subfield code="d">1911-1975,</marc:subfield>
            <marc:subfield code="e">author.</marc:subfield>
        </marc:datafield>
        <marc:datafield tag="700" ind1="1" ind2=" ">
            <marc:subfield code="a">Bradbury, Ray,</marc:subfield>
            <marc:subfield code="d">1920-2012,</marc:subfield>
            <marc:subfield code="e">author.</marc:subfield>
        </marc:datafield>
        <marc:datafield tag="700" ind1="1" ind2=" ">
            <marc:subfield code="a">Craig, Johnny,</marc:subfield>
            <marc:subfield code="d">1926-2001,</marc:subfield>
            <marc:subfield code="e">author.</marc:subfield>
        </marc:datafield>
        <marc:datafield tag="700" ind1="1" ind2=" ">
            <marc:subfield code="a">Feldstein, Albert B.,</marc:subfield>
            <marc:subfield code="e">author.</marc:subfield>
        </marc:datafield>
        <marc:datafield tag="700" ind1="1" ind2=" ">
            <marc:subfield code="a">Oleck, Jack,</marc:subfield>
            <marc:subfield code="e">author.</marc:subfield>
        </marc:datafield>
        <marc:datafield tag="700" ind1="1" ind2=" ">
            <marc:subfield code="a">Wessler, Carl,</marc:subfield>
            <marc:subfield code="d">1913-1989,</marc:subfield>
            <marc:subfield code="e">author.</marc:subfield>
        </marc:datafield>
        <marc:datafield tag="830" ind1=" " ind2="0">
            <marc:subfield code="a">Fantagraphics EC artists' library ;</marc:subfield>
            <marc:subfield code="v">v. 21.</marc:subfield>
        </marc:datafield>
        <marc:datafield tag="906" ind1=" " ind2=" ">
            <marc:subfield code="a">7</marc:subfield>
            <marc:subfield code="b">cbc</marc:subfield>
            <marc:subfield code="c">copycat</marc:subfield>
            <marc:subfield code="d">2</marc:subfield>
            <marc:subfield code="e">epcn</marc:subfield>
            <marc:subfield code="f">20</marc:subfield>
            <marc:subfield code="g">y-gencatlg</marc:subfield>
        </marc:datafield>
        <marc:datafield tag="925" ind1="0" ind2=" ">
            <marc:subfield code="a">acquire</marc:subfield>
            <marc:subfield code="b">1 shelf copy</marc:subfield>
            <marc:subfield code="x">policy default</marc:subfield>
        </marc:datafield>
        <marc:datafield tag="955" ind1=" " ind2=" ">
            <marc:subfield code="a">pc28 2017-07-26</marc:subfield>
            <marc:subfield code="b">xk02 2018-04-03 z-processor</marc:subfield>
            <marc:subfield code="i">xk14 2018-04-20 to CALM</marc:subfield>
        </marc:datafield>
    </marc:record>