
    <marc:record>
        <marc:leader>01343cam a2200337 a 4500</marc:leader>
        <marc:controlfield tag="001">3060620</marc:controlfield>
        <marc:controlfield tag="005">20120606120416.0</marc:controlfield>
        <marc:controlfield tag="008">960524s1995    fr a          000 0cfre  </marc:controlfield>
        <marc:datafield tag="010" ind1=" " ind2=" ">
            <marc:subfield code="a">   96152817 </marc:subfield>
        </marc:datafield>
        <marc:datafield tag="020" ind1=" " ind2=" ">
            <marc:subfield code="a">2905875291</marc:subfield>
        </marc:datafield>
        <marc:datafield tag="035" ind1=" " ind2=" ">
            <marc:subfield code="9">(DLC)   96152817</marc:subfield>
        </marc:datafield>
        <marc:datafield tag="040" ind1=" " ind2=" ">
            <marc:subfield code="a">DLC</marc:subfield>
            <marc:subfield code="c">DLC</marc:subfield>
            <marc:subfield code="d">DLC</marc:subfield>
        </marc:datafield>
        <marc:datafield tag="041" ind1="1" ind2=" ">
            <marc:subfield code="a">fre</marc:subfield>
            <marc:subfield code="h">eng</marc:subfield>
        </marc:datafield>
        <marc:datafield tag="043" ind1=" " ind2=" ">
            <marc:subfield code="a">e-fr---</marc:subfield>
        </marc:datafield>
        <marc:datafield tag="050" ind1="0" ind2="0">
            <marc:subfield code="a">N6853.P5</marc:subfield>
            <marc:subfield code="b">L27 1995</marc:subfield>
        </marc:datafield>
        <marc:datafield tag="100" ind1="1" ind2=" ">
            <marc:subfield code="a">Larralde, Jean-Francois.</marc:subfield>
        </marc:datafield>
        <marc:datafield tag="245" ind1="1" ind2="0">
            <marc:subfield code="a">Picasso a Biarritz :</marc:subfield>
            <marc:subfield code="b">ete 1918 /</marc:subfield>
            <marc:subfield code="c">Jean-Francois Larralde, Jean Casenave. Precede de &quot;Par un beau jour d'ete&quot; de Ray Bradbury.</marc:subfield>
        </marc:datafield>
        <marc:datafield tag="260" ind1=" " ind2=" ">
            <marc:subfield code="a">[Biarritz] :</marc:subfield>
            <marc:subfield code="b">Lavielle,</marc:subfield>
            <marc:subfield code="c">c1995.</marc:subfield>
        </marc:datafield>
        <marc:datafield tag="300" ind1=" " ind2=" ">
            <marc:subfield code="a">159 p. :</marc:subfield>
            <marc:subfield code="b">ill. (some col.) ;</marc:subfield>
            <marc:subfield code="c">25 cm.</marc:subfield>
        </marc:datafield>
        <marc:datafield tag="440" ind1=" " ind2="0">
            <marc:subfield code="a">Collection Peintres et sculpteurs,</marc:subfield>
            <marc:subfield code="x">1259-5047</marc:subfield>
        </marc:datafield>
        <marc:datafield tag="600" ind1="1" ind2="0">
            <marc:subfield code="a">Errazuriz, Eugenia</marc:subfield>
            <marc:subfield code="x">Relations with artists.</marc:subfield>
        </marc:datafield>
        <marc:datafield tag="600" ind1="1" ind2="0">
            <marc:subfield code="a">Picasso, Pablo,</marc:subfield>
            <marc:subfield code="d">1881-1973</marc:subfield>
            <marc:subfield code="x">Friends and associates.</marc:subfield>
        </marc:datafield>
        <marc:datafield tag="600" ind1="1" ind2="0">
            <marc:subfield code="a">Picasso, Pablo,</marc:subfield>
            <marc:subfield code="d">1881-1973</marc:subfield>
            <marc:subfield code="x">Homes and haunts</marc:subfield>
            <marc:subfield code="z">France</marc:subfield>
            <marc:subfield code="z">Biarritz.</marc:subfield>
        </marc:datafield>
        <marc:datafield tag="650" ind1=" " ind2="0">
            <marc:subfield code="a">Artists</marc:subfield>
            <marc:subfield code="z">France</marc:subfield>
            <marc:subfield code="x">Biography.</marc:subfield>
        </marc:datafield>
        <marc:datafield tag="700" ind1="1" ind2=" ">
            <marc:subfield code="a">Casenave, Jean.</marc:subfield>
        </marc:datafield>
        <marc:datafield tag="700" ind1="1" ind2=" ">
            <marc:subfield code="a">Picasso, Pablo,</marc:subfield>
            <marc:subfield code="d">1881-1973.</marc:subfield>
        </marc:datafield>
        <marc:datafield tag="700" ind1="1" ind2="2">
            <marc:subfield code="a">Bradbury, Ray,</marc:subfield>
            <marc:subfield code="d">1920-2012.</marc:subfield>
            <marc:subfield code="t">In a season of calm weather.</marc:subfield>
            <marc:subfield code="l">French.</marc:subfield>
        </marc:datafield>
        <marc:datafield tag="906" ind1=" " ind2=" ">
            <marc:subfield code="a">7</marc:subfield>
            <marc:subfield code="b">cbc</marc:subfield>
            <marc:subfield code="c">orignew</marc:subfield>
            <marc:subfield code="d">3</marc:subfield>
            <marc:subfield code="e">ncip</marc:subfield>
            <marc:subfield code="f">19</marc:subfield>
            <marc:subfield code="g">y-gencatlg</marc:subfield>
        </marc:datafield>
        <marc:datafield tag="922" ind1=" " ind2=" ">
            <marc:subfield code="a">ap</marc:subfield>
        </marc:datafield>
        <marc:datafield tag="955" ind1=" " ind2=" ">
            <marc:subfield code="a">rc07; ub06 06-06-96 to cat.; jh16 (desc/subj) 06-10-96; jh01 06-19-96</marc:subfield>
        </marc:datafield>
        <marc:datafield tag="991" ind1=" " ind2=" ">
            <marc:subfield code="b">c-GenColl</marc:subfield>
            <marc:subfield code="h">N6853.P5</marc:subfield>
            <marc:subfield code="i">L27 1995</marc:subfield>
            <marc:subfield code="p">00032891068</marc:subfield>
            <marc:subfield code="t">Copy 1</marc:subfield>
            <marc:subfield code="w">BOOKS</marc:subfield>
        </marc:datafield>
    </marc:record>