
    <marc:record>
        <marc:leader>01744cjm a22004571a 4500</marc:leader>
        <marc:controlfield tag="001">12066141</marc:controlfield>
        <marc:controlfield tag="005">20191015104727.0</marc:controlfield>
        <marc:controlfield tag="007">sdufungnn---ed</marc:controlfield>
        <marc:controlfield tag="008">931201s1991    nyuopn j di         eng  </marc:controlfield>
        <marc:datafield tag="010" ind1=" " ind2=" ">
            <marc:subfield code="a">   99586715 </marc:subfield>
        </marc:datafield>
        <marc:datafield tag="024" ind1="1" ind2=" ">
            <marc:subfield code="a">034061009122</marc:subfield>
        </marc:datafield>
        <marc:datafield tag="028" ind1="0" ind2="2">
            <marc:subfield code="a">TROY091</marc:subfield>
            <marc:subfield code="b">Albany Records</marc:subfield>
        </marc:datafield>
        <marc:datafield tag="033" ind1="1" ind2="0">
            <marc:subfield code="a">19900508</marc:subfield>
            <marc:subfield code="b">4104</marc:subfield>
            <marc:subfield code="c">C6</marc:subfield>
        </marc:datafield>
        <marc:datafield tag="035" ind1=" " ind2=" ">
            <marc:subfield code="a">(OCoLC)ocm29408042</marc:subfield>
        </marc:datafield>
        <marc:datafield tag="040" ind1=" " ind2=" ">
            <marc:subfield code="a">DLC</marc:subfield>
            <marc:subfield code="c">TxDN</marc:subfield>
            <marc:subfield code="d">DLC</marc:subfield>
        </marc:datafield>
        <marc:datafield tag="042" ind1=" " ind2=" ">
            <marc:subfield code="a">lcderive</marc:subfield>
        </marc:datafield>
        <marc:datafield tag="050" ind1="0" ind2="0">
            <marc:subfield code="a">SDA 62673</marc:subfield>
        </marc:datafield>
        <marc:datafield tag="100" ind1="1" ind2=" ">
            <marc:subfield code="a">Rapchak, Lawrence,</marc:subfield>
            <marc:subfield code="d">1951-</marc:subfield>
        </marc:datafield>
        <marc:datafield tag="245" ind1="1" ind2="4">
            <marc:subfield code="a">The lifework of Juan Diaz</marc:subfield>
            <marc:subfield code="h">[sound recording] / Lawrence Rapchak ; based on the story by Ray Bradbury.</marc:subfield>
        </marc:datafield>
        <marc:datafield tag="260" ind1=" " ind2=" ">
            <marc:subfield code="a">Albany, NY :</marc:subfield>
            <marc:subfield code="b">Albany Records,</marc:subfield>
            <marc:subfield code="c">[1993]</marc:subfield>
        </marc:datafield>
        <marc:datafield tag="300" ind1=" " ind2=" ">
            <marc:subfield code="a">1 sound disc (77 min., 10 sec.) :</marc:subfield>
            <marc:subfield code="b">digital ;</marc:subfield>
            <marc:subfield code="c">4 3/4 in.</marc:subfield>
        </marc:datafield>
        <marc:datafield tag="306" ind1=" " ind2=" ">
            <marc:subfield code="a">011710</marc:subfield>
        </marc:datafield>
        <marc:datafield tag="500" ind1=" " ind2=" ">
            <marc:subfield code="a">Albany Records: TROY091.</marc:subfield>
        </marc:datafield>
        <marc:datafield tag="500" ind1=" " ind2=" ">
            <marc:subfield code="a">Chamber opera in one act.</marc:subfield>
        </marc:datafield>
        <marc:datafield tag="500" ind1=" " ind2=" ">
            <marc:subfield code="a">Compact disc.</marc:subfield>
        </marc:datafield>
        <marc:datafield tag="500" ind1=" " ind2=" ">
            <marc:subfield code="a">Libretto adapted by Carl Ratner.</marc:subfield>
        </marc:datafield>
        <marc:datafield tag="500" ind1=" " ind2=" ">
            <marc:subfield code="a">Program notes and libretto inserted in container.</marc:subfield>
        </marc:datafield>
        <marc:datafield tag="511" ind1="0" ind2=" ">
            <marc:subfield code="a">Chamber Opera Chicago ; featuring Robert Hovencamp, as Juan Diaz ; Carol Loverde, as Maria Diaz ; Richard Alderson, as Alejandro ; Darrell Rowader, as Ricardo ; Lawrence Rapchak, conductor.</marc:subfield>
        </marc:datafield>
        <marc:datafield tag="518" ind1=" " ind2=" ">
            <marc:subfield code="a">Recorded May 8, 1990, in Chicago, Ill.</marc:subfield>
        </marc:datafield>
        <marc:datafield tag="600" ind1="1" ind2="0">
            <marc:subfield code="a">Bradbury, Ray,</marc:subfield>
            <marc:subfield code="d">1920-2012</marc:subfield>
            <marc:subfield code="v">Musical settings.</marc:subfield>
        </marc:datafield>
        <marc:datafield tag="650" ind1=" " ind2="0">
            <marc:subfield code="a">Operas.</marc:subfield>
        </marc:datafield>
        <marc:datafield tag="700" ind1="1" ind2=" ">
            <marc:subfield code="a">Alderson, Richard.</marc:subfield>
            <marc:subfield code="4">prf</marc:subfield>
        </marc:datafield>
        <marc:datafield tag="700" ind1="1" ind2=" ">
            <marc:subfield code="a">Bradbury, Ray,</marc:subfield>
            <marc:subfield code="d">1920-2012.</marc:subfield>
            <marc:subfield code="t">Lifework of Juan Diaz.</marc:subfield>
        </marc:datafield>
        <marc:datafield tag="700" ind1="1" ind2=" ">
            <marc:subfield code="a">Hovencamp, Robert.</marc:subfield>
            <marc:subfield code="4">prf</marc:subfield>
        </marc:datafield>
        <marc:datafield tag="700" ind1="1" ind2=" ">
            <marc:subfield code="a">Loverde, Carol.</marc:subfield>
            <marc:subfield code="4">prf</marc:subfield>
        </marc:datafield>
        <marc:datafield tag="700" ind1="1" ind2=" ">
            <marc:subfield code="a">Rapchak, Lawrence,</marc:subfield>
            <marc:subfield code="d">1951-</marc:subfield>
            <marc:subfield code="4">cnd</marc:subfield>
        </marc:datafield>
        <marc:datafield tag="700" ind1="1" ind2=" ">
            <marc:subfield code="a">Ratner, Carl,</marc:subfield>
            <marc:subfield code="c">librettist.</marc:subfield>
        </marc:datafield>
        <marc:datafield tag="700" ind1="1" ind2=" ">
            <marc:subfield code="a">Rowader, Darrell.</marc:subfield>
            <marc:subfield code="4">prf</marc:subfield>
        </marc:datafield>
        <marc:datafield tag="710" ind1="2" ind2=" ">
            <marc:subfield code="a">Chamber Opera Chicago.</marc:subfield>
            <marc:subfield code="4">prf</marc:subfield>
        </marc:datafield>
        <marc:datafield tag="906" ind1=" " ind2=" ">
            <marc:subfield code="a">0</marc:subfield>
            <marc:subfield code="b">cbc</marc:subfield>
            <marc:subfield code="c">copycat</marc:subfield>
            <marc:subfield code="d">3</marc:subfield>
            <marc:subfield code="e">ncip</marc:subfield>
            <marc:subfield code="f">19</marc:subfield>
            <marc:subfield code="g">y-soundrec</marc:subfield>
        </marc:datafield>
        <marc:datafield tag="985" ind1=" " ind2=" ">
            <marc:subfield code="c">OCLC</marc:subfield>
            <marc:subfield code="e">Claimed Recordings</marc:subfield>
        </marc:datafield>
    </marc:record>