
    <marc:record>
        <marc:leader>02682cim a22004694a 4500</marc:leader>
        <marc:controlfield tag="001">15430481</marc:controlfield>
        <marc:controlfield tag="005">20180212085730.0</marc:controlfield>
        <marc:controlfield tag="007">sd fsngnnmmneu</marc:controlfield>
        <marc:controlfield tag="008">080827s2006    dcunnn|        z| | eng  </marc:controlfield>
        <marc:datafield tag="010" ind1=" " ind2=" ">
            <marc:subfield code="a">  2008648884</marc:subfield>
        </marc:datafield>
        <marc:datafield tag="040" ind1=" " ind2=" ">
            <marc:subfield code="a">DLC</marc:subfield>
            <marc:subfield code="c">DLC</marc:subfield>
            <marc:subfield code="d">DLC</marc:subfield>
        </marc:datafield>
        <marc:datafield tag="050" ind1="0" ind2="0">
            <marc:subfield code="a">SDB 76484</marc:subfield>
        </marc:datafield>
        <marc:datafield tag="100" ind1="1" ind2=" ">
            <marc:subfield code="a">Stone, Dan.</marc:subfield>
        </marc:datafield>
        <marc:datafield tag="245" ind1="1" ind2="3">
            <marc:subfield code="a">An introduction to Fahrenheit 451 by Ray Bradbury</marc:subfield>
            <marc:subfield code="h">[sound recording] :</marc:subfield>
            <marc:subfield code="b">audio guide /</marc:subfield>
            <marc:subfield code="c">written and produced by Dan Stone.</marc:subfield>
        </marc:datafield>
        <marc:datafield tag="260" ind1=" " ind2=" ">
            <marc:subfield code="a">[Washington, D.C.] :</marc:subfield>
            <marc:subfield code="b">National Endowment for the Arts,</marc:subfield>
            <marc:subfield code="c">[2006]</marc:subfield>
        </marc:datafield>
        <marc:datafield tag="300" ind1=" " ind2=" ">
            <marc:subfield code="a">1 sound disc (38 min., 54 sec.) :</marc:subfield>
            <marc:subfield code="b">digital ;</marc:subfield>
            <marc:subfield code="c">4 3/4 in.</marc:subfield>
        </marc:datafield>
        <marc:datafield tag="490" ind1="0" ind2=" ">
            <marc:subfield code="a">Big read</marc:subfield>
        </marc:datafield>
        <marc:datafield tag="500" ind1=" " ind2=" ">
            <marc:subfield code="a">&quot;The Big Read is an initiative of the National Endowment for the Arts, developed in partnership with the Institute of Museum and Library Services and in cooperation with Arts Midwest&quot;--Container.</marc:subfield>
        </marc:datafield>
        <marc:datafield tag="500" ind1=" " ind2=" ">
            <marc:subfield code="a">Compact disc.</marc:subfield>
        </marc:datafield>
        <marc:datafield tag="505" ind1="0" ind2=" ">
            <marc:subfield code="a">Radio program -- Bonus tracks: Ray Bradbury on his favorite book -- Orson Scott Card on the power of storytelling -- Luis Alberto Urrea on his family's relationship to Fahrenheit 451 -- Sam Weller on Bradbury's office -- Sam Weller on the rejection of Fahrenheit 451 -- Hector Elizondo reads from Fahrenheit 451 -- Hector Elizondo reads from the concluding pages of Fahrenheit 451.</marc:subfield>
        </marc:datafield>
        <marc:datafield tag="511" ind1="0" ind2=" ">
            <marc:subfield code="a">Narrated by Dana Gioia ; readings by Hector Elizondo ; featuring Ray Bradbury, Orson Scott Card, John Crowley, Paquito D'Rivera, Nat Hentoff, Ursula K. Le Guin, Azar Nafisi, Luis Alberto Urrea, and Sam Weller.</marc:subfield>
        </marc:datafield>
        <marc:datafield tag="520" ind1=" " ind2=" ">
            <marc:subfield code="a">Readings of excerpts from and critical analysis of Ray Bradbury's Fahrenheit 451, a novel about a future American society that embraces hedonism and bans critical thought through reading.</marc:subfield>
        </marc:datafield>
        <marc:datafield tag="600" ind1="1" ind2="0">
            <marc:subfield code="a">Bradbury, Ray,</marc:subfield>
            <marc:subfield code="d">1920-2012</marc:subfield>
            <marc:subfield code="x">Criticism and interpretation.</marc:subfield>
        </marc:datafield>
        <marc:datafield tag="600" ind1="1" ind2="0">
            <marc:subfield code="a">Bradbury, Ray,</marc:subfield>
            <marc:subfield code="d">1920-2012.</marc:subfield>
            <marc:subfield code="t">Fahrenheit 451.</marc:subfield>
        </marc:datafield>
        <marc:datafield tag="700" ind1="1" ind2=" ">
            <marc:subfield code="a">Bradbury, Ray,</marc:subfield>
            <marc:subfield code="d">1920-2012.</marc:subfield>
            <marc:subfield code="4">spk</marc:subfield>
        </marc:datafield>
        <marc:datafield tag="700" ind1="1" ind2=" ">
            <marc:subfield code="a">Card, Orson Scott.</marc:subfield>
            <marc:subfield code="4">spk</marc:subfield>
        </marc:datafield>
        <marc:datafield tag="700" ind1="1" ind2=" ">
            <marc:subfield code="a">Crowley, John,</marc:subfield>
            <marc:subfield code="d">1942-</marc:subfield>
            <marc:subfield code="4">spk</marc:subfield>
        </marc:datafield>
        <marc:datafield tag="700" ind1="1" ind2=" ">
            <marc:subfield code="a">D'Rivera, Paquito,</marc:subfield>
            <marc:subfield code="d">1948-</marc:subfield>
            <marc:subfield code="4">spk</marc:subfield>
        </marc:datafield>
        <marc:datafield tag="700" ind1="1" ind2=" ">
            <marc:subfield code="a">Elizondo, Hector.</marc:subfield>
            <marc:subfield code="4">nrt</marc:subfield>
        </marc:datafield>
        <marc:datafield tag="700" ind1="1" ind2=" ">
            <marc:subfield code="a">Gioia, Dana.</marc:subfield>
            <marc:subfield code="4">nrt</marc:subfield>
        </marc:datafield>
        <marc:datafield tag="700" ind1="1" ind2=" ">
            <marc:subfield code="a">Hentoff, Nat.</marc:subfield>
            <marc:subfield code="4">spk</marc:subfield>
        </marc:datafield>
        <marc:datafield tag="700" ind1="1" ind2=" ">
            <marc:subfield code="a">Le Guin, Ursula K.,</marc:subfield>
            <marc:subfield code="d">1929-2018.</marc:subfield>
            <marc:subfield code="4">spk</marc:subfield>
        </marc:datafield>
        <marc:datafield tag="700" ind1="1" ind2=" ">
            <marc:subfield code="a">Nafisi, Azar.</marc:subfield>
            <marc:subfield code="4">spk</marc:subfield>
        </marc:datafield>
        <marc:datafield tag="700" ind1="1" ind2=" ">
            <marc:subfield code="a">Urrea, Luis Alberto.</marc:subfield>
            <marc:subfield code="4">spk</marc:subfield>
        </marc:datafield>
        <marc:datafield tag="700" ind1="1" ind2=" ">
            <marc:subfield code="a">Weller, Sam,</marc:subfield>
            <marc:subfield code="d">1967-</marc:subfield>
            <marc:subfield code="4">spk</marc:subfield>
        </marc:datafield>
        <marc:datafield tag="700" ind1="1" ind2="2">
            <marc:subfield code="a">Bradbury, Ray,</marc:subfield>
            <marc:subfield code="d">1920-2012.</marc:subfield>
            <marc:subfield code="t">Fahrenheit 451.</marc:subfield>
            <marc:subfield code="k">Selections.</marc:subfield>
        </marc:datafield>
        <marc:datafield tag="710" ind1="2" ind2=" ">
            <marc:subfield code="a">Arts Midwest (Organization : Minneapolis, Minn.)</marc:subfield>
        </marc:datafield>
        <marc:datafield tag="710" ind1="2" ind2=" ">
            <marc:subfield code="a">Institute of Museum and Library Services (U.S.)</marc:subfield>
        </marc:datafield>
        <marc:datafield tag="710" ind1="2" ind2=" ">
            <marc:subfield code="a">National Endowment for the Arts.</marc:subfield>
        </marc:datafield>
        <marc:datafield tag="906" ind1=" " ind2=" ">
            <marc:subfield code="a">7</marc:subfield>
            <marc:subfield code="b">cbc</marc:subfield>
            <marc:subfield code="c">copycat</marc:subfield>
            <marc:subfield code="d">2</marc:subfield>
            <marc:subfield code="e">ncip</marc:subfield>
            <marc:subfield code="f">20</marc:subfield>
            <marc:subfield code="g">y-soundrec</marc:subfield>
        </marc:datafield>
        <marc:datafield tag="925" ind1="0" ind2=" ">
            <marc:subfield code="a">acquire</marc:subfield>
            <marc:subfield code="b">2 shelf copies</marc:subfield>
            <marc:subfield code="x">policy default</marc:subfield>
        </marc:datafield>
        <marc:datafield tag="955" ind1=" " ind2=" ">
            <marc:subfield code="a">qr25 2008-08-27 z-client</marc:subfield>
            <marc:subfield code="i">qr25 2008-08-29</marc:subfield>
            <marc:subfield code="e">qr25 2008-09-02</marc:subfield>
        </marc:datafield>
    </marc:record>