
    <marc:record>
        <marc:leader>02893cim a22004694a 4500</marc:leader>
        <marc:controlfield tag="001">15430453</marc:controlfield>
        <marc:controlfield tag="005">20120606120425.0</marc:controlfield>
        <marc:controlfield tag="007">sd fsngnnmmneu</marc:controlfield>
        <marc:controlfield tag="008">080827s2006    dcunnn|        t| | eng  </marc:controlfield>
        <marc:datafield tag="010" ind1=" " ind2=" ">
            <marc:subfield code="a">  2008648881</marc:subfield>
        </marc:datafield>
        <marc:datafield tag="040" ind1=" " ind2=" ">
            <marc:subfield code="a">DLC</marc:subfield>
            <marc:subfield code="c">DLC</marc:subfield>
            <marc:subfield code="d">DLC</marc:subfield>
        </marc:datafield>
        <marc:datafield tag="050" ind1="0" ind2="0">
            <marc:subfield code="a">SDB 76481</marc:subfield>
        </marc:datafield>
        <marc:datafield tag="100" ind1="1" ind2=" ">
            <marc:subfield code="a">Stone, Dan.</marc:subfield>
        </marc:datafield>
        <marc:datafield tag="245" ind1="1" ind2="3">
            <marc:subfield code="a">An Introduction to The grapes of wrath by John Steinbeck</marc:subfield>
            <marc:subfield code="h">[sound recording] :</marc:subfield>
            <marc:subfield code="b">audio guide /</marc:subfield>
            <marc:subfield code="c">written and produced by Dan Stone.</marc:subfield>
        </marc:datafield>
        <marc:datafield tag="260" ind1=" " ind2=" ">
            <marc:subfield code="a">[Washington, D.C.] :</marc:subfield>
            <marc:subfield code="b">National Endowment for the Arts,</marc:subfield>
            <marc:subfield code="c">[2006]</marc:subfield>
        </marc:datafield>
        <marc:datafield tag="300" ind1=" " ind2=" ">
            <marc:subfield code="a">1 sound disc (38 min., 30 sec.) :</marc:subfield>
            <marc:subfield code="b">digital ;</marc:subfield>
            <marc:subfield code="c">4 3/4 in.</marc:subfield>
        </marc:datafield>
        <marc:datafield tag="490" ind1="0" ind2=" ">
            <marc:subfield code="a">Big read</marc:subfield>
        </marc:datafield>
        <marc:datafield tag="500" ind1=" " ind2=" ">
            <marc:subfield code="a">&quot;The Big Read is an initiative of the National Endowment for the Arts, developed in partnership with the Institute of Museum and Library Services and in cooperation with Arts Midwest&quot;--Insert.</marc:subfield>
        </marc:datafield>
        <marc:datafield tag="500" ind1=" " ind2=" ">
            <marc:subfield code="a">Compact disc.</marc:subfield>
        </marc:datafield>
        <marc:datafield tag="505" ind1="0" ind2=" ">
            <marc:subfield code="a">Radio program -- Bonus tracks: John Steinbeck describes his childhood to Eleanor Roosevelt -- Jay Parini on the self-education of John Steinbeck -- Ray Bradbury and Richard Rodriguez on the structure of The Grapes of wrath -- Susan Shillinglaw on Steinbeck's love of music -- Lawson Inada on the diverse migrant experience in California -- Thom Steinbeck, Ed Harris, and Susan Shillinglaw on the power of Ma Joad -- Rick Wartzman on the negative reactions to The Grapes of wrath -- Thom Steinbeck on how his father made him a reader.</marc:subfield>
        </marc:datafield>
        <marc:datafield tag="511" ind1="0" ind2=" ">
            <marc:subfield code="a">Narrated by Dana Gioia ; readings by Ed Harris ; featuring Ray Bradbury, Lawson Fusao Inada, Jay Parini, Richard Rodriguez, Susan Shillinglaw, Kevin Starr, Thom Steinbeck, Susan Straight, and Rich Wartzman.</marc:subfield>
        </marc:datafield>
        <marc:datafield tag="520" ind1=" " ind2=" ">
            <marc:subfield code="a">Readings of excerpts from and critical analysis of John Steinbeck's The Grapes of Wrath, a novel about a poor family of sharecroppers who are driven from their home by drought, economic hardship, and changes in the agriculture industry during the Great Depression.</marc:subfield>
        </marc:datafield>
        <marc:datafield tag="600" ind1="1" ind2="0">
            <marc:subfield code="a">Steinbeck, John,</marc:subfield>
            <marc:subfield code="d">1902-1968</marc:subfield>
            <marc:subfield code="x">Criticism and interpretation.</marc:subfield>
        </marc:datafield>
        <marc:datafield tag="600" ind1="1" ind2="0">
            <marc:subfield code="a">Steinbeck, John,</marc:subfield>
            <marc:subfield code="d">1902-1968.</marc:subfield>
            <marc:subfield code="t">Grapes of wrath.</marc:subfield>
        </marc:datafield>
        <marc:datafield tag="700" ind1="1" ind2=" ">
            <marc:subfield code="a">Bradbury, Ray,</marc:subfield>
            <marc:subfield code="d">1920-2012.</marc:subfield>
            <marc:subfield code="4">spk</marc:subfield>
        </marc:datafield>
        <marc:datafield tag="700" ind1="1" ind2=" ">
            <marc:subfield code="a">Gioia, Dana.</marc:subfield>
            <marc:subfield code="4">nrt</marc:subfield>
        </marc:datafield>
        <marc:datafield tag="700" ind1="1" ind2=" ">
            <marc:subfield code="a">Harris, Ed,</marc:subfield>
            <marc:subfield code="d">1950-</marc:subfield>
            <marc:subfield code="4">nrt</marc:subfield>
        </marc:datafield>
        <marc:datafield tag="700" ind1="1" ind2=" ">
            <marc:subfield code="a">Inada, Lawson Fusao.</marc:subfield>
            <marc:subfield code="4">spk</marc:subfield>
        </marc:datafield>
        <marc:datafield tag="700" ind1="1" ind2=" ">
            <marc:subfield code="a">Parini, Jay.</marc:subfield>
            <marc:subfield code="4">spk</marc:subfield>
        </marc:datafield>
        <marc:datafield tag="700" ind1="1" ind2=" ">
            <marc:subfield code="a">Rodriguez, Richard.</marc:subfield>
            <marc:subfield code="4">spk</marc:subfield>
        </marc:datafield>
        <marc:datafield tag="700" ind1="1" ind2=" ">
            <marc:subfield code="a">Shillinglaw, Susan.</marc:subfield>
            <marc:subfield code="4">spk</marc:subfield>
        </marc:datafield>
        <marc:datafield tag="700" ind1="1" ind2=" ">
            <marc:subfield code="a">Starr, Kevin.</marc:subfield>
            <marc:subfield code="4">spk</marc:subfield>
        </marc:datafield>
        <marc:datafield tag="700" ind1="1" ind2=" ">
            <marc:subfield code="a">Steinbeck, Thomas.</marc:subfield>
            <marc:subfield code="4">spk</marc:subfield>
        </marc:datafield>
        <marc:datafield tag="700" ind1="1" ind2=" ">
            <marc:subfield code="a">Straight, Susan.</marc:subfield>
            <marc:subfield code="4">spk</marc:subfield>
        </marc:datafield>
        <marc:datafield tag="700" ind1="1" ind2=" ">
            <marc:subfield code="a">Wartzman, Rick.</marc:subfield>
            <marc:subfield code="4">spk</marc:subfield>
        </marc:datafield>
        <marc:datafield tag="700" ind1="1" ind2="2">
            <marc:subfield code="a">Steinbeck, John,</marc:subfield>
            <marc:subfield code="d">1902-1968.</marc:subfield>
            <marc:subfield code="t">Grapes of wrath.</marc:subfield>
            <marc:subfield code="k">Selections.</marc:subfield>
        </marc:datafield>
        <marc:datafield tag="710" ind1="2" ind2=" ">
            <marc:subfield code="a">Arts Midwest (Organization : Minneapolis, Minn.)</marc:subfield>
        </marc:datafield>
        <marc:datafield tag="710" ind1="2" ind2=" ">
            <marc:subfield code="a">Institute of Museum and Library Services (U.S.)</marc:subfield>
        </marc:datafield>
        <marc:datafield tag="710" ind1="2" ind2=" ">
            <marc:subfield code="a">National Endowment for the Arts.</marc:subfield>
        </marc:datafield>
        <marc:datafield tag="906" ind1=" " ind2=" ">
            <marc:subfield code="a">7</marc:subfield>
            <marc:subfield code="b">cbc</marc:subfield>
            <marc:subfield code="c">origres</marc:subfield>
            <marc:subfield code="d">3</marc:subfield>
            <marc:subfield code="e">ncip</marc:subfield>
            <marc:subfield code="f">20</marc:subfield>
            <marc:subfield code="g">y-soundrec</marc:subfield>
        </marc:datafield>
        <marc:datafield tag="925" ind1="0" ind2=" ">
            <marc:subfield code="a">acquire</marc:subfield>
            <marc:subfield code="b">2 shelf copies</marc:subfield>
            <marc:subfield code="x">policy default</marc:subfield>
        </marc:datafield>
        <marc:datafield tag="955" ind1=" " ind2=" ">
            <marc:subfield code="a">qr25 2008-08-27 z-client</marc:subfield>
            <marc:subfield code="i">qr25 2008-08-29</marc:subfield>
            <marc:subfield code="e">qr25 2008-09-02</marc:subfield>
        </marc:datafield>
    </marc:record>